<?xml version="1.0" encoding="UTF-8"?>
<!DOCTYPE html PUBLIC "-//W3C//DTD XHTML 1.0 Transitional//EN"
    "http://www.w3.org/TR/xhtml1/DTD/xhtml1-transitional.dtd">
<html xmlns="http://www.w3.org/1999/xhtml" xml:lang="en" lang="en">
 <head>
  <title>
</title>
<meta http-equiv="Content-Type" content="text/html;charset=utf-8" />
  <meta name='ocr-system' content='tesseract 3.04.00' />
  <meta name='ocr-capabilities' content='ocr_page ocr_carea ocr_par ocr_line ocrx_word'/>
</head>
<body>
  <div class='ocr_page' id='page_1' title='image "./historiareligio00schrgoog_0011.png"; bbox 0 0 2370 4222; ppageno 0'>
   <div class='ocr_carea' id='block_1_1' title="bbox 1 534 1177 3844">
    <p class='ocr_par' dir='ltr' id='par_1_1' title="bbox 2 534 1166 1230">
     <span class='ocr_line' id='line_1_1' title="bbox 144 534 1135 639; baseline 0.003 -27"><span class='ocrx_word' id='word_1_1' title='bbox 144 534 283 632; x_wconf 70' lang='lat' dir='ltr'><strong>stum,</strong></span> <span class='ocrx_word' id='word_1_2' title='bbox 342 545 480 628; x_wconf 65' lang='lat' dir='ltr'><strong>timum</strong></span> <span class='ocrx_word' id='word_1_3' title='bbox 509 539 781 616; x_wconf 74' lang='lat' dir='ltr'><strong>Mostemmo&#39;</strong></span> <span class='ocrx_word' id='word_1_4' title='bbox 800 542 981 639; x_wconf 85' lang='lat' dir='ltr'><strong>epitome¹</strong></span> <span class='ocrx_word' id='word_1_5' title='bbox 1002 553 1094 615; x_wconf 84' lang='lat' dir='ltr'><strong>usus</strong></span> <span class='ocrx_word' id='word_1_6' title='bbox 1133 594 1135 598; x_wconf 25' lang='grc' dir='ltr'>ι</span> 
     </span>
     <span class='ocr_line' id='line_1_2' title="bbox 144 565 1166 736; baseline 0.003 -27"><span class='ocrx_word' id='word_1_7' title='bbox 144 661 255 728; x_wconf 90' lang='lat' dir='ltr'><strong>sum,</strong></span> <span class='ocrx_word' id='word_1_8' title='bbox 306 565 446 714; x_wconf 70' lang='lat' dir='ltr'><strong>deinde</strong></span> <span class='ocrx_word' id='word_1_9' title='bbox 482 640 832 736; x_wconf 71' lang='lat' dir='ltr'><strong>Rcohenhargt&#39;mm·</strong></span> <span class='ocrx_word' id='word_1_10' title='bbox 916 641 1096 736; x_wconf 91' lang='lat' dir='ltr'><strong>Vtraque,</strong></span> <span class='ocrx_word' id='word_1_11' title='bbox 1163 714 1166 725; x_wconf 77' lang='grc'>,</span> 
     </span>
     <span class='ocr_line' id='line_1_3' title="bbox 2 737 1096 835; baseline 0.003 -27"><span class='ocrx_word' id='word_1_12' title='bbox 2 756 36 834; x_wconf 45' lang='lat' dir='ltr'><em>s</em></span> <span class='ocrx_word' id='word_1_13' title='bbox 143 737 251 832; x_wconf 84' lang='lat' dir='ltr'><strong>quod</strong></span> <span class='ocrx_word' id='word_1_14' title='bbox 282 748 286 763; x_wconf 91' lang='lat'>&#39;</span> <span class='ocrx_word' id='word_1_15' title='bbox 312 765 369 812; x_wconf 74' lang='lat' dir='ltr'><strong>nv</strong></span> <span class='ocrx_word' id='word_1_16' title='bbox 429 743 572 824; x_wconf 89' lang='lat' dir='ltr'><strong>rectius</strong></span> <span class='ocrx_word' id='word_1_17' title='bbox 610 763 697 814; x_wconf 84' lang='lat' dir='ltr'><strong>,me</strong></span> <span class='ocrx_word' id='word_1_18' title='bbox 757 737 959 835; x_wconf 84' lang='lat' dir='ltr'><strong>intelligis,</strong></span> <span class='ocrx_word' id='word_1_19' title='bbox 1017 743 1096 812; x_wconf 76' lang='lat' dir='ltr'><strong>viu</strong></span> 
     </span>
     <span class='ocr_line' id='line_1_4' title="bbox 24 836 1097 933; baseline 0.004 -27"><span class='ocrx_word' id='word_1_20' title='bbox 24 894 27 899; x_wconf 63' lang='grc'>,</span> <span class='ocrx_word' id='word_1_21' title='bbox 140 838 461 928; x_wconf 79' lang='lat' dir='ltr'><strong>noc&#39;r1s&#39;s11uu,</strong></span> <span class='ocrx_word' id='word_1_22' title='bbox 512 836 631 909; x_wconf 89' lang='lat' dir='ltr'><strong>habet</strong></span> <span class='ocrx_word' id='word_1_23' title='bbox 670 857 753 910; x_wconf 89' lang='lat' dir='ltr'><strong>non</strong></span> <span class='ocrx_word' id='word_1_24' title='bbox 799 853 950 933; x_wconf 87' lang='lat' dir='ltr'><strong>pauca,</strong></span> <span class='ocrx_word' id='word_1_25' title='bbox 995 856 1097 933; x_wconf 86' lang='lat' dir='ltr'><strong>quae</strong></span> 
     </span>
     <span class='ocr_line' id='line_1_5' title="bbox 107 930 1096 1024; baseline 0.006 -22"><span class='ocrx_word' id='word_1_26' title='bbox 107 953 224 1017; x_wconf 64' lang='lat' dir='ltr'><strong>„aut</strong></span> <span class='ocrx_word' id='word_1_27' title='bbox 269 936 488 1024; x_wconf 87' lang='lat' dir='ltr'><strong>emendari,</strong></span> <span class='ocrx_word' id='word_1_28' title='bbox 566 930 633 1008; x_wconf 79' lang='lat' dir='ltr'><strong>aut</strong></span> <span class='ocrx_word' id='word_1_29' title='bbox 689 936 775 1007; x_wconf 92' lang='lat' dir='ltr'><strong>tolli</strong></span> <span class='ocrx_word' id='word_1_30' title='bbox 836 935 982 1008; x_wconf 79' lang='lat' dir='ltr'><strong>velles:</strong></span> <span class='ocrx_word' id='word_1_31' title='bbox 1052 938 1096 1008; x_wconf 91' lang='lat' dir='ltr'><strong>in</strong></span> 
     </span>
     <span class='ocr_line' id='line_1_6' title="bbox 28 1027 1095 1129; baseline 0.002 -26"><span class='ocrx_word' id='word_1_32' title='bbox 28 1115 33 1127; x_wconf 43' lang='grc'><strong><em>,</em></strong></span> <span class='ocrx_word' id='word_1_33' title='bbox 139 1031 201 1105; x_wconf 87' lang='lat' dir='ltr'><strong>his</strong></span> <span class='ocrx_word' id='word_1_34' title='bbox 254 1037 369 1129; x_wconf 81' lang='lat' dir='ltr'><strong>etiam</strong></span> <span class='ocrx_word' id='word_1_35' title='bbox 426 1027 616 1129; x_wconf 76' lang='lat' dir='ltr'><strong>quaedam</strong></span> <span class='ocrx_word' id='word_1_36' title='bbox 663 1034 897 1123; x_wconf 75' lang='lat' dir='ltr'>molestiora.</span> <span class='ocrx_word' id='word_1_37' title='bbox 975 1033 1095 1106; x_wconf 90' lang='lat' dir='ltr'><strong>Num·</strong></span> 
     </span>
     <span class='ocr_line' id='line_1_7' title="bbox 104 1126 1094 1230; baseline 0.002 -28"><span class='ocrx_word' id='word_1_38' title='bbox 104 1168 108 1172; x_wconf 34' lang='lat'>⁵</span> <span class='ocrx_word' id='word_1_39' title='bbox 140 1154 257 1230; x_wconf 89' lang='lat' dir='ltr'><strong>quam</strong></span> <span class='ocrx_word' id='word_1_40' title='bbox 294 1126 423 1204; x_wconf 87' lang='lat' dir='ltr'><strong>tamen</strong></span> <span class='ocrx_word' id='word_1_41' title='bbox 463 1135 569 1207; x_wconf 88' lang='lat' dir='ltr'><strong>omni</strong></span> <span class='ocrx_word' id='word_1_42' title='bbox 606 1132 674 1213; x_wconf 90' lang='lat' dir='ltr'><strong>illo</strong></span> <span class='ocrx_word' id='word_1_43' title='bbox 708 1136 890 1225; x_wconf 71' lang='lat' dir='ltr'><strong>tempore</strong></span> <span class='ocrx_word' id='word_1_44' title='bbox 921 1130 970 1204; x_wconf 86' lang='lat' dir='ltr'><strong>de</strong></span> <span class='ocrx_word' id='word_1_45' title='bbox 1001 1154 1094 1205; x_wconf 88' lang='lat' dir='ltr'><strong>con-</strong></span> 
     </span>
    </p>

    <p class='ocr_par' dir='ltr' id='par_1_2' title="bbox 10 1226 1092 1325">
     <span class='ocr_line' id='line_1_8' title="bbox 10 1226 1092 1325; baseline -0.002 -25"><span class='ocrx_word' id='word_1_46' title='bbox 10 1236 16 1247; x_wconf 86' lang='lat'>&#39;</span> <span class='ocrx_word' id='word_1_47' title='bbox 112 1229 336 1314; x_wconf 49' lang='lat' dir='ltr'><strong>Jcinnando</strong></span> <span class='ocrx_word' id='word_1_48' title='bbox 371 1229 487 1300; x_wconf 85' lang='lat' dir='ltr'><strong>huius</strong></span> <span class='ocrx_word' id='word_1_49' title='bbox 535 1226 748 1325; x_wconf 82' lang='lat' dir='ltr'><strong>argumenti</strong></span> <span class='ocrx_word' id='word_1_50' title='bbox 783 1226 910 1316; x_wconf 89' lang='lat' dir='ltr'><strong>libro,</strong></span> <span class='ocrx_word' id='word_1_51' title='bbox 960 1251 1092 1323; x_wconf 88' lang='lat' dir='ltr'><strong>quam·</strong></span> 
     </span>
    </p>

    <p class='ocr_par' dir='ltr' id='par_1_3' title="bbox 14 1322 1167 1607">
     <span class='ocr_line' id='line_1_9' title="bbox 14 1322 1167 1421; baseline 0 -24"><span class='ocrx_word' id='word_1_52' title='bbox 14 1329 18 1336; x_wconf 84' lang='lat'>&#39;</span> <span class='ocrx_word' id='word_1_53' title='bbox 79 1322 86 1333; x_wconf 50' lang='lat'>⁸</span> <span class='ocrx_word' id='word_1_54' title='bbox 139 1349 257 1420; x_wconf 89' lang='lat' dir='ltr'><strong>quam</strong></span> <span class='ocrx_word' id='word_1_55' title='bbox 294 1330 423 1421; x_wconf 85' lang='lat' dir='ltr'><strong>aptior</strong></span> <span class='ocrx_word' id='word_1_56' title='bbox 466 1326 531 1398; x_wconf 86' lang='lat' dir='ltr'><strong>tali</strong></span> <span class='ocrx_word' id='word_1_57' title='bbox 571 1331 748 1405; x_wconf 88' lang='lat' dir='ltr'><strong>instituto</strong></span> <span class='ocrx_word' id='word_1_58' title='bbox 795 1348 879 1396; x_wconf 91' lang='lat' dir='ltr'><strong>non</strong></span> <span class='ocrx_word' id='word_1_59' title='bbox 915 1349 1093 1398; x_wconf 85' lang='lat' dir='ltr'><strong>occurre·</strong></span> <span class='ocrx_word' id='word_1_60' title='bbox 1165 1336 1167 1343; x_wconf 84' lang='grc'><em>’</em></span> 
     </span>
     <span class='ocr_line' id='line_1_10' title="bbox 138 1414 1093 1518; baseline 0 -26"><span class='ocrx_word' id='word_1_61' title='bbox 138 1422 222 1512; x_wconf 89' lang='lat' dir='ltr'><strong>bat,</strong></span> <span class='ocrx_word' id='word_1_62' title='bbox 257 1424 320 1495; x_wconf 85' lang='lat' dir='ltr'><strong>vel</strong></span> <span class='ocrx_word' id='word_1_63' title='bbox 351 1423 542 1502; x_wconf 90' lang='lat' dir='ltr'><strong>levissima</strong></span> <span class='ocrx_word' id='word_1_64' title='bbox 573 1425 671 1495; x_wconf 91' lang='lat' dir='ltr'><strong>mihi</strong></span> <span class='ocrx_word' id='word_1_65' title='bbox 706 1420 864 1494; x_wconf 85' lang='lat' dir='ltr'><strong>suborta</strong></span> <span class='ocrx_word' id='word_1_66' title='bbox 899 1414 959 1502; x_wconf 79' lang='lat' dir='ltr'><strong>&#39;est</strong></span> <span class='ocrx_word' id='word_1_67' title='bbox 992 1425 1093 1518; x_wconf 83' lang='lat' dir='ltr'><strong>cogi-</strong></span> 
     </span>
     <span class='ocr_line' id='line_1_11' title="bbox 140 1518 1157 1607; baseline -0.003 -16"><span class='ocrx_word' id='word_1_68' title='bbox 140 1523 244 1601; x_wconf 76' lang='lat' dir='ltr'><strong>tatio,</strong></span> <span class='ocrx_word' id='word_1_69' title='bbox 318 1522 410 1600; x_wconf 89' lang='lat' dir='ltr'><strong>Non</strong></span> <span class='ocrx_word' id='word_1_70' title='bbox 438 1538 516 1595; x_wconf 91' lang='lat' dir='ltr'><strong>tam</strong></span> <span class='ocrx_word' id='word_1_71' title='bbox 551 1519 706 1592; x_wconf 86' lang='lat' dir='ltr'><strong>facilem</strong></span> <span class='ocrx_word' id='word_1_72' title='bbox 741 1521 865 1607; x_wconf 90' lang='lat' dir='ltr'><strong>illam,</strong></span> <span class='ocrx_word' id='word_1_73' title='bbox 905 1537 1008 1589; x_wconf 88' lang='lat' dir='ltr'><strong>certe</strong></span> <span class='ocrx_word' id='word_1_74' title='bbox 1037 1518 1093 1590; x_wconf 90' lang='lat' dir='ltr'><strong>le·</strong></span> <span class='ocrx_word' id='word_1_75' title='bbox 1154 1568 1157 1572; x_wconf 89' lang='lat'>-</span> 
     </span>
    </p>

    <p class='ocr_par' dir='ltr' id='par_1_4' title="bbox 58 1616 1104 1812">
     <span class='ocr_line' id='line_1_12' title="bbox 58 1616 1094 1716; baseline -0.002 -26"><span class='ocrx_word' id='word_1_76' title='bbox 58 1681 62 1696; x_wconf 83' lang='lat'><strong>.</strong></span> <span class='ocrx_word' id='word_1_77' title='bbox 139 1622 286 1703; x_wconf 82' lang='lat' dir='ltr'><strong>viorem</strong></span> <span class='ocrx_word' id='word_1_78' title='bbox 315 1619 495 1716; x_wconf 81' lang='lat' dir='ltr'><strong>gloriam,</strong></span> <span class='ocrx_word' id='word_1_79' title='bbox 533 1640 632 1712; x_wconf 92' lang='lat' dir='ltr'><strong>quae</strong></span> <span class='ocrx_word' id='word_1_80' title='bbox 664 1617 753 1689; x_wconf 83' lang='lat' dir='ltr'><strong>inde</strong></span> <span class='ocrx_word' id='word_1_81' title='bbox 778 1635 996 1710; x_wconf 88' lang='lat' dir='ltr'><strong>pararetur,</strong></span> <span class='ocrx_word' id='word_1_82' title='bbox 1025 1616 1094 1688; x_wconf 88' lang='lat' dir='ltr'><strong>de·</strong></span> 
     </span>
     <span class='ocr_line' id='line_1_13' title="bbox 138 1713 1104 1812; baseline -0.002 -25"><span class='ocrx_word' id='word_1_83' title='bbox 138 1715 343 1812; x_wconf 57' lang='lat' dir='ltr'><strong>dignabar}</strong></span> <span class='ocrx_word' id='word_1_84' title='bbox 394 1715 655 1810; x_wconf 87' lang='lat' dir='ltr'><strong>quam..bona</strong></span> <span class='ocrx_word' id='word_1_85' title='bbox 693 1713 883 1812; x_wconf 83' lang='lat' dir='ltr'><strong>quaedam</strong></span> <span class='ocrx_word' id='word_1_86' title='bbox 919 1718 1104 1809; x_wconf 86' lang='lat' dir='ltr'><strong>propria,.</strong></span> 
     </span>
    </p>

    <p class='ocr_par' dir='ltr' id='par_1_5' title="bbox 34 1810 1092 2005">
     <span class='ocr_line' id='line_1_14' title="bbox 34 1810 1090 1907; baseline -0.003 -22"><span class='ocrx_word' id='word_1_87' title='bbox 34 1824 37 1829; x_wconf 85' lang='lat'>&#39;</span> <span class='ocrx_word' id='word_1_88' title='bbox 111 1812 278 1907; x_wconf 87' lang='lat' dir='ltr'><strong>·quibus</strong></span> <span class='ocrx_word' id='word_1_89' title='bbox 317 1837 454 1886; x_wconf 87' lang='lat' dir='ltr'><strong>ornare</strong></span> <span class='ocrx_word' id='word_1_90' title='bbox 497 1812 685 1885; x_wconf 88' lang='lat' dir='ltr'><strong>eiusmodi</strong></span> <span class='ocrx_word' id='word_1_91' title='bbox 721 1810 897 1887; x_wconf 90' lang='lat' dir='ltr'><strong>libellum</strong></span> <span class='ocrx_word' id='word_1_92' title='bbox 923 1835 1090 1906; x_wconf 89' lang='lat' dir='ltr'><strong>possem,</strong></span> 
     </span>
     <span class='ocr_line' id='line_1_15' title="bbox 138 1907 1092 2005; baseline 0.001 -23"><span class='ocrx_word' id='word_1_93' title='bbox 138 1912 249 1982; x_wconf 84' lang='lat' dir='ltr'><strong>nulla</strong></span> <span class='ocrx_word' id='word_1_94' title='bbox 284 1913 326 1983; x_wconf 92' lang='lat' dir='ltr'><strong>in</strong></span> <span class='ocrx_word' id='word_1_95' title='bbox 366 1907 540 2005; x_wconf 89' lang='lat' dir='ltr'><strong>copiolis</strong></span> <span class='ocrx_word' id='word_1_96' title='bbox 570 1914 664 1982; x_wconf 91' lang='lat' dir='ltr'><strong>meis</strong></span> <span class='ocrx_word' id='word_1_97' title='bbox 702 1909 930 1995; x_wconf 74' lang='lat' dir='ltr'><strong>cernebam3</strong></span> <span class='ocrx_word' id='word_1_98' title='bbox 966 1913 1092 2005; x_wconf 85' lang='lat' dir='ltr'><strong>ipsam</strong></span> 
     </span>
    </p>

    <p class='ocr_par' dir='ltr' id='par_1_6' title="bbox 32 2006 1126 2398">
     <span class='ocr_line' id='line_1_16' title="bbox 32 2006 1091 2113; baseline 0 -33"><span class='ocrx_word' id='word_1_99' title='bbox 32 2053 34 2058; x_wconf 66' lang='lat'>,</span> <span class='ocrx_word' id='word_1_100' title='bbox 139 2027 294 2098; x_wconf 87' lang='lat' dir='ltr'><strong>autem,</strong></span> <span class='ocrx_word' id='word_1_101' title='bbox 348 2031 447 2113; x_wconf 81' lang='lat' dir='ltr'><strong>quae</strong></span> <span class='ocrx_word' id='word_1_102' title='bbox 501 2012 544 2081; x_wconf 68' lang='lat' dir='ltr'><strong>in⁴</strong></span> <span class='ocrx_word' id='word_1_103' title='bbox 599 2006 840 2104; x_wconf 82' lang='lat' dir='ltr'><strong>corrigendis</strong></span> <span class='ocrx_word' id='word_1_104' title='bbox 889 2006 1091 2096; x_wconf 89' lang='lat' dir='ltr'><strong>doctorum</strong></span> 
     </span>
     <span class='ocr_line' id='line_1_17' title="bbox 134 2106 1092 2200; baseline -0.003 -20"><span class='ocrx_word' id='word_1_105' title='bbox 134 2110 308 2180; x_wconf 70' lang='lat' dir='ltr'><strong>virorum</strong></span> <span class='ocrx_word' id='word_1_106' title='bbox 339 2106 487 2191; x_wconf 82' lang='lat' dir='ltr'><strong>delictis</strong></span> <span class='ocrx_word' id='word_1_107' title='bbox 518 2106 1012 2200; x_wconf 83' lang='lat' dir='ltr'><strong>quibusdamversaretur,</strong></span> <span class='ocrx_word' id='word_1_108' title='bbox 1054 2122 1092 2178; x_wconf 91' lang='lat' dir='ltr'><strong>et</strong></span> 
     </span>
     <span class='ocr_line' id='line_1_18' title="bbox 138 2204 1090 2293; baseline -0.001 -17"><span class='ocrx_word' id='word_1_109' title='bbox 138 2204 313 2288; x_wconf 83' lang='lat' dir='ltr'><strong>docentis</strong></span> <span class='ocrx_word' id='word_1_110' title='bbox 337 2224 376 2293; x_wconf 82' lang='lat' dir='ltr'><strong>et</strong></span> <span class='ocrx_word' id='word_1_111' title='bbox 398 2204 579 2277; x_wconf 82' lang='lat' dir='ltr'><strong>discentis</strong></span> <span class='ocrx_word' id='word_1_112' title='bbox 612 2206 943 2290; x_wconf 83' lang='lat' dir='ltr'><strong>exercitationem,</strong></span> <span class='ocrx_word' id='word_1_113' title='bbox 976 2206 1090 2275; x_wconf 89' lang='lat' dir='ltr'><strong>etiam</strong></span> 
     </span>
     <span class='ocr_line' id='line_1_19' title="bbox 127 2297 1126 2398; baseline -0.004 -22"><span class='ocrx_word' id='word_1_114' title='bbox 127 2304 274 2392; x_wconf 82' lang='lat' dir='ltr'><strong>¹utilem</strong></span> <span class='ocrx_word' id='word_1_115' title='bbox 319 2297 560 2398; x_wconf 81' lang='lat' dir='ltr'><strong>experiebar.</strong></span> <span class='ocrx_word' id='word_1_116' title='bbox 634 2302 711 2375; x_wconf 85' lang='lat' dir='ltr'><strong>Sed</strong></span> <span class='ocrx_word' id='word_1_117' title='bbox 759 2303 969 2395; x_wconf 88' lang='lat' dir='ltr'><strong>superioris</strong></span> <span class='ocrx_word' id='word_1_118' title='bbox 1025 2325 1091 2372; x_wconf 84' lang='lat' dir='ltr'><strong>an-</strong></span> <span class='ocrx_word' id='word_1_119' title='bbox 1110 2306 1126 2349; x_wconf 63' lang='lat'><strong><em>5</em></strong></span> 
     </span>
    </p>

    <p class='ocr_par' dir='ltr' id='par_1_7' title="bbox 13 2399 1162 2691">
     <span class='ocr_line' id='line_1_20' title="bbox 13 2399 1090 2496; baseline 0 -24"><span class='ocrx_word' id='word_1_120' title='bbox 13 2447 21 2460; x_wconf 88' lang='lat'><strong>·</strong></span> <span class='ocrx_word' id='word_1_121' title='bbox 135 2404 181 2479; x_wconf 85' lang='lat' dir='ltr'><strong>ni·</strong></span> <span class='ocrx_word' id='word_1_122' title='bbox 213 2425 288 2496; x_wconf 86' lang='lat' dir='ltr'><strong>per</strong></span> <span class='ocrx_word' id='word_1_123' title='bbox 327 2417 510 2489; x_wconf 78' lang='lat' dir='ltr'><strong>aestatem</strong></span> <span class='ocrx_word' id='word_1_124' title='bbox 543 2404 682 2480; x_wconf 89' lang='lat' dir='ltr'><strong>iterum</strong></span> <span class='ocrx_word' id='word_1_125' title='bbox 725 2399 984 2494; x_wconf 86' lang='lat' dir='ltr'><strong>praelegenda</strong></span> <span class='ocrx_word' id='word_1_126' title='bbox 1001 2403 1090 2496; x_wconf 53' lang='lat' dir='ltr'><strong>⁴mi·</strong></span> 
     </span>
     <span class='ocr_line' id='line_1_21' title="bbox 134 2495 1162 2598; baseline -0.002 -28"><span class='ocrx_word' id='word_1_127' title='bbox 134 2499 178 2571; x_wconf 83' lang='lat' dir='ltr'><strong>hi</strong></span> <span class='ocrx_word' id='word_1_128' title='bbox 215 2499 290 2585; x_wconf 86' lang='lat' dir='ltr'><strong>fuit</strong></span> <span class='ocrx_word' id='word_1_129' title='bbox 323 2501 421 2598; x_wconf 73' lang='lat' dir='ltr'><strong>haec</strong></span> <span class='ocrx_word' id='word_1_130' title='bbox 465 2499 626 2588; x_wconf 82' lang='lat' dir='ltr'><strong>historia</strong></span> <span class='ocrx_word' id='word_1_131' title='bbox 669 2495 977 2570; x_wconf 85' lang='lat' dir='ltr'><strong>adolescentibus</strong></span> <span class='ocrx_word' id='word_1_132' title='bbox 1023 2500 1090 2569; x_wconf 90' lang='lat' dir='ltr'><strong>ali·</strong></span> <span class='ocrx_word' id='word_1_133' title='bbox 1122 2551 1124 2561; x_wconf 90' lang='lat'>.</span> <span class='ocrx_word' id='word_1_134' title='bbox 1159 2544 1162 2556; x_wconf 86' lang='lat'>·</span> 
     </span>
     <span class='ocr_line' id='line_1_22' title="bbox 138 2591 1089 2691; baseline -0.004 -24"><span class='ocrx_word' id='word_1_135' title='bbox 138 2615 277 2691; x_wconf 75' lang='lat' dir='ltr'><strong>quot,=</strong></span> <span class='ocrx_word' id='word_1_136' title='bbox 310 2599 353 2667; x_wconf 91' lang='lat' dir='ltr'><strong>in</strong></span> <span class='ocrx_word' id='word_1_137' title='bbox 379 2596 456 2666; x_wconf 82' lang='lat' dir='ltr'><strong>bis</strong></span> <span class='ocrx_word' id='word_1_138' title='bbox 500 2604 546 2679; x_wconf 75' lang='lat' dir='ltr'><strong>etj</strong></span> <span class='ocrx_word' id='word_1_139' title='bbox 576 2591 899 2691; x_wconf 82' lang='lat' dir='ltr'><strong>iurisprudent&#39;iae</strong></span> <span class='ocrx_word' id='word_1_140' title='bbox 949 2595 1089 2667; x_wconf 88' lang='lat' dir='ltr'><strong>studio·</strong></span> 
     </span>
    </p>

    <p class='ocr_par' dir='ltr' id='par_1_8' title="bbox 55 2692 1177 2991">
     <span class='ocr_line' id='line_1_23' title="bbox 73 2692 1177 2791; baseline -0.004 -27"><span class='ocrx_word' id='word_1_141' title='bbox 73 2760 76 2764; x_wconf 88' lang='lat'>.</span> <span class='ocrx_word' id='word_1_142' title='bbox 138 2699 214 2783; x_wconf 85' lang='lat' dir='ltr'><strong>sis,</strong></span> <span class='ocrx_word' id='word_1_143' title='bbox 255 2693 330 2778; x_wconf 82' lang='lat' dir='ltr'><strong>hac</strong></span> <span class='ocrx_word' id='word_1_144' title='bbox 366 2692 522 2787; x_wconf 88' lang='lat' dir='ltr'><strong>quidem</strong></span> <span class='ocrx_word' id='word_1_145' title='bbox 556 2695 664 2791; x_wconf 86' lang='lat' dir='ltr'><strong>lege,</strong></span> <span class='ocrx_word' id='word_1_146' title='bbox 687 2713 756 2773; x_wconf 62' lang='lat' dir='ltr'><strong>,ut</strong></span> <span class='ocrx_word' id='word_1_147' title='bbox 794 2719 872 2765; x_wconf 87' lang='lat' dir='ltr'><strong>sex·</strong></span> <span class='ocrx_word' id='word_1_148' title='bbox 899 2695 1089 2766; x_wconf 81' lang='lat' dir='ltr'><strong>mensium</strong></span> <span class='ocrx_word' id='word_1_149' title='bbox 1143 2692 1177 2725; x_wconf 83' lang='grc'><strong>·’</strong></span> 
     </span>
     <span class='ocr_line' id='line_1_24' title="bbox 118 2788 1088 2889; baseline -0.008 -23"><span class='ocrx_word' id='word_1_150' title='bbox 118 2796 265 2889; x_wconf 79' lang='lat' dir='ltr'><strong>spatio</strong></span> <span class='ocrx_word' id='word_1_151' title='bbox 300 2798 448 2866; x_wconf 87' lang='lat' dir='ltr'><strong>summa</strong></span> <span class='ocrx_word' id='word_1_152' title='bbox 486 2812 589 2864; x_wconf 86' lang='lat' dir='ltr'><strong>certe</strong></span> <span class='ocrx_word' id='word_1_153' title='bbox 629 2797 725 2877; x_wconf 78' lang='lat' dir='ltr'><strong>eiu&#39;s&#39;</strong></span> <span class='ocrx_word' id='word_1_154' title='bbox 743 2796 869 2886; x_wconf 89' lang='lat' dir='ltr'><strong>capita</strong></span> <span class='ocrx_word' id='word_1_155' title='bbox 896 2788 1088 2861; x_wconf 89' lang='lat' dir='ltr'><strong>traderen-</strong></span> 
     </span>
     <span class='ocr_line' id='line_1_25' title="bbox 55 2878 1168 2991; baseline -0.008 -27"><span class='ocrx_word' id='word_1_156' title='bbox 55 2878 83 2979; x_wconf 17' lang='grc' dir='ltr'><strong>’Δ</strong></span> <span class='ocrx_word' id='word_1_157' title='bbox 134 2909 199 2985; x_wconf 83' lang='lat' dir='ltr'><strong>tur</strong></span> <span class='ocrx_word' id='word_1_158' title='bbox 232 2895 372 2977; x_wconf 71' lang='lat' dir='ltr'><strong>omnia,</strong></span> <span class='ocrx_word' id='word_1_159' title='bbox 444 2892 562 2984; x_wconf 85' lang='lat' dir='ltr'><strong>Quod</strong></span> <span class='ocrx_word' id='word_1_160' title='bbox 598 2898 688 2991; x_wconf 81' lang='lat' dir='ltr'><strong>cum</strong></span> <span class='ocrx_word' id='word_1_161' title='bbox 724 2912 797 2984; x_wconf 87' lang='lat' dir='ltr'><strong>per</strong></span> <span class='ocrx_word' id='word_1_162' title='bbox 836 2885 1088 2980; x_wconf 88' lang='lat' dir='ltr'><strong>compendio·</strong></span> <span class='ocrx_word' id='word_1_163' title='bbox 1159 2942 1168 2965; x_wconf 81' lang='grc'><em>,</em></span> 
     </span>
    </p>

    <p class='ocr_par' dir='ltr' id='par_1_9' title="bbox 37 2984 1165 3284">
     <span class='ocr_line' id='line_1_26' title="bbox 37 2984 1090 3084; baseline -0.008 -20"><span class='ocrx_word' id='word_1_164' title='bbox 37 3024 47 3076; x_wconf 82' lang='lat'><strong>.·</strong></span> <span class='ocrx_word' id='word_1_165' title='bbox 99 3058 103 3063; x_wconf 84' lang='lat'><em>.</em></span> <span class='ocrx_word' id='word_1_166' title='bbox 133 3011 222 3084; x_wconf 72' lang='lat' dir='ltr'><strong>num</strong></span> <span class='ocrx_word' id='word_1_167' title='bbox 251 2992 437 3080; x_wconf 78' lang='lat' dir='ltr'><strong>illorum,</strong></span> <span class='ocrx_word' id='word_1_168' title='bbox 477 2992 554 3066; x_wconf 87' lang='lat' dir='ltr'><strong>imo</strong></span> <span class='ocrx_word' id='word_1_169' title='bbox 593 3006 631 3061; x_wconf 90' lang='lat' dir='ltr'><strong>et</strong></span> <span class='ocrx_word' id='word_1_170' title='bbox 669 2989 831 3065; x_wconf 85' lang='lat' dir='ltr'><strong>aliorum</strong></span> <span class='ocrx_word' id='word_1_171' title='bbox 865 2984 1090 3079; x_wconf 74' lang='lat' dir='ltr'><strong>amplitudi-¹</strong></span> 
     </span>
     <span class='ocr_line' id='line_1_27' title="bbox 133 3081 1165 3179; baseline -0.005 -19"><span class='ocrx_word' id='word_1_172' title='bbox 133 3111 227 3160; x_wconf 90' lang='lat' dir='ltr'><strong>nem</strong></span> <span class='ocrx_word' id='word_1_173' title='bbox 256 3106 339 3162; x_wconf 89' lang='lat' dir='ltr'><strong>non</strong></span> <span class='ocrx_word' id='word_1_174' title='bbox 368 3089 528 3160; x_wconf 84' lang='lat' dir='ltr'><strong>liceret:</strong></span> <span class='ocrx_word' id='word_1_175' title='bbox 562 3087 702 3179; x_wconf 42' lang='lat' dir='ltr'><strong>&#39;scripsi</strong></span> <span class='ocrx_word' id='word_1_176' title='bbox 732 3084 897 3166; x_wconf 86' lang='lat' dir='ltr'><strong>brevem·</strong></span> <span class='ocrx_word' id='word_1_177' title='bbox 919 3081 967 3155; x_wconf 92' lang='lat' dir='ltr'><strong>de</strong></span> <span class='ocrx_word' id='word_1_178' title='bbox 1000 3092 1107 3156; x_wconf 85' lang='lat' dir='ltr'><strong>ortu&#39;</strong></span> <span class='ocrx_word' id='word_1_179' title='bbox 1161 3164 1165 3172; x_wconf 14' lang='lat' dir='ltr'>k</span> 
     </span>
     <span class='ocr_line' id='line_1_28' title="bbox 135 3181 1127 3284; baseline -0.004 -26"><span class='ocrx_word' id='word_1_180' title='bbox 135 3204 175 3279; x_wconf 86' lang='lat' dir='ltr'><strong>et</strong></span> <span class='ocrx_word' id='word_1_181' title='bbox 215 3211 423 3284; x_wconf 66' lang='lat' dir='ltr'><strong>progressu</strong></span> <span class='ocrx_word' id='word_1_182' title='bbox 476 3184 671 3282; x_wconf 75' lang='lat' dir='ltr'><strong>&#39;religionis</strong></span> <span class='ocrx_word' id='word_1_183' title='bbox 730 3190 844 3274; x_wconf 85' lang='lat' dir='ltr'><strong>atque</strong></span> <span class='ocrx_word' id='word_1_184' title='bbox 900 3183 1086 3254; x_wconf 84' lang='lat' dir='ltr'><strong>ecclesiae</strong></span> <span class='ocrx_word' id='word_1_185' title='bbox 1121 3181 1127 3194; x_wconf 72' lang='grc'><em>“</em></span> 
     </span>
    </p>

    <p class='ocr_par' dir='ltr' id='par_1_10' title="bbox 24 3281 1106 3377">
     <span class='ocr_line' id='line_1_29' title="bbox 24 3281 1106 3377; baseline -0.007 -19"><span class='ocrx_word' id='word_1_186' title='bbox 24 3349 31 3371; x_wconf 74' lang='grc'><strong><em>,</em></strong></span> <span class='ocrx_word' id='word_1_187' title='bbox 134 3284 364 3377; x_wconf 82' lang='lat' dir='ltr'><strong>christianae</strong></span> <span class='ocrx_word' id='word_1_188' title='bbox 398 3287 675 3374; x_wconf 83' lang='lat' dir='ltr'><strong>nar-rationem:</strong></span> <span class='ocrx_word' id='word_1_189' title='bbox 708 3286 789 3372; x_wconf 79' lang='lat' dir='ltr'><strong>qua&#39;</strong></span> <span class='ocrx_word' id='word_1_190' title='bbox 824 3281 938 3351; x_wconf 91' lang='lat' dir='ltr'><strong>etiam</strong></span> <span class='ocrx_word' id='word_1_191' title='bbox 977 3298 1106 3352; x_wconf 88' lang='lat' dir='ltr'><strong>uten·-</strong></span> 
     </span>
    </p>

    <p class='ocr_par' dir='ltr' id='par_1_11' title="bbox 13 3372 1175 3575">
     <span class='ocr_line' id='line_1_30' title="bbox 13 3372 1175 3473; baseline -0.004 -19"><span class='ocrx_word' id='word_1_192' title='bbox 13 3456 16 3473; x_wconf 32' lang='grc' dir='ltr'>ἲ</span> <span class='ocrx_word' id='word_1_193' title='bbox 68 3421 87 3452; x_wconf 84' lang='grc'><strong>.·</strong></span> <span class='ocrx_word' id='word_1_194' title='bbox 132 3372 184 3461; x_wconf 71' lang='lat' dir='ltr'><strong>do</strong></span> <span class='ocrx_word' id='word_1_195' title='bbox 213 3376 359 3466; x_wconf 72' lang='lat' dir='ltr'><strong>factum</strong></span> <span class='ocrx_word' id='word_1_196' title='bbox 395 3399 470 3472; x_wconf 89' lang='lat' dir='ltr'><strong>est,</strong></span> <span class='ocrx_word' id='word_1_197' title='bbox 503 3396 547 3459; x_wconf 85' lang='lat' dir='ltr'><strong>ut¹</strong></span> <span class='ocrx_word' id='word_1_198' title='bbox 581 3381 859 3473; x_wconf 86' lang='lat' dir='ltr'><strong>exspectationi</strong></span> <span class='ocrx_word' id='word_1_199' title='bbox 895 3380 950 3450; x_wconf 92' lang='lat' dir='ltr'><strong>illi</strong></span> <span class='ocrx_word' id='word_1_200' title='bbox 983 3377 1087 3450; x_wconf 88' lang='lat' dir='ltr'><strong>audi·</strong></span> <span class='ocrx_word' id='word_1_201' title='bbox 1171 3415 1175 3429; x_wconf 75' lang='lat'>=</span> 
     </span>
     <span class='ocr_line' id='line_1_31' title="bbox 131 3474 1089 3575; baseline -0.003 -24"><span class='ocrx_word' id='word_1_202' title='bbox 131 3499 260 3575; x_wconf 76' lang='lat' dir='ltr'><strong>torum</strong></span> <span class='ocrx_word' id='word_1_203' title='bbox 314 3479 582 3571; x_wconf 73' lang='lat' dir='ltr'><strong>satisfacetem‘.</strong></span> <span class='ocrx_word' id='word_1_204' title='bbox 664 3477 770 3558; x_wconf 86' lang='lat' dir='ltr'><strong>Nihil</strong></span> <span class='ocrx_word' id='word_1_205' title='bbox 831 3478 958 3549; x_wconf 86' lang='lat' dir='ltr'><strong>minus</strong></span> <span class='ocrx_word' id='word_1_206' title='bbox 1006 3474 1089 3548; x_wconf 81' lang='lat' dir='ltr'><strong>tdm</strong></span> 
     </span>
    </p>

    <p class='ocr_par' dir='ltr' id='par_1_12' title="bbox 30 3571 1166 3670">
     <span class='ocr_line' id='line_1_32' title="bbox 30 3571 1166 3670; baseline -0.004 -20"><span class='ocrx_word' id='word_1_207' title='bbox 30 3595 32 3599; x_wconf 78' lang='grc'>’</span> <span class='ocrx_word' id='word_1_208' title='bbox 132 3579 262 3664; x_wconf 82' lang='lat' dir='ltr'><strong>animo</strong></span> <span class='ocrx_word' id='word_1_209' title='bbox 288 3578 526 3656; x_wconf 78' lang='lat' dir='ltr'><strong>destinabam</strong></span> <span class='ocrx_word' id='word_1_210' title='bbox 550 3591 616 3655; x_wconf 86' lang='lat' dir='ltr'><strong>aut</strong></span> <span class='ocrx_word' id='word_1_211' title='bbox 638 3571 946 3669; x_wconf 87' lang='lat' dir='ltr'><strong>praecipiebam,</strong></span> <span class='ocrx_word' id='word_1_212' title='bbox 972 3596 1089 3670; x_wconf 89' lang='lat' dir='ltr'><strong>quam</strong></span> <span class='ocrx_word' id='word_1_213' title='bbox 1161 3607 1166 3614; x_wconf 96' lang='lat'><em>·</em></span> 
     </span>
    </p>

    <p class='ocr_par' dir='ltr' id='par_1_13' title="bbox 1 3671 1121 3782">
     <span class='ocr_line' id='line_1_33' title="bbox 1 3671 1121 3782; baseline -0.008 -32"><span class='ocrx_word' id='word_1_214' title='bbox 1 3694 54 3750; x_wconf 60' lang='grc' dir='ltr'><strong>’.ι</strong></span> <span class='ocrx_word' id='word_1_215' title='bbox 132 3679 240 3780; x_wconf 69' lang='lat' dir='ltr'><strong>illam</strong></span> <span class='ocrx_word' id='word_1_216' title='bbox 283 3676 483 3772; x_wconf 74' lang='lat' dir='ltr'><strong>¹epitomen</strong></span> <span class='ocrx_word' id='word_1_217' title='bbox 506 3672 674 3770; x_wconf 81' lang='lat' dir='ltr'><strong>&#39;publici</strong></span> <span class='ocrx_word' id='word_1_218' title='bbox 714 3676 813 3782; x_wconf 76' lang='lat' dir='ltr'><strong>juris</strong></span> <span class='ocrx_word' id='word_1_219' title='bbox 858 3699 881 3746; x_wconf 93' lang='lat' dir='ltr'><strong>a</strong></span> <span class='ocrx_word' id='word_1_220' title='bbox 924 3676 992 3746; x_wconf 83' lang='lat' dir='ltr'><strong>me&#39;</strong></span> <span class='ocrx_word' id='word_1_221' title='bbox 1032 3671 1088 3742; x_wconf 79' lang='lat' dir='ltr'><strong>fa·</strong></span> <span class='ocrx_word' id='word_1_222' title='bbox 1118 3698 1121 3703; x_wconf 89' lang='lat'>·</span> 
     </span>
    </p>

    <p class='ocr_par' dir='ltr' id='par_1_14' title="bbox 604 3795 1085 3844">
     <span class='ocr_line' id='line_1_34' title="bbox 604 3795 1085 3844; baseline 0 -2"><span class='ocrx_word' id='word_1_223' title='bbox 604 3796 608 3801; x_wconf 92' lang='lat'>·</span> <span class='ocrx_word' id='word_1_224' title='bbox 863 3816 870 3823; x_wconf 90' lang='lat'>-</span> <span class='ocrx_word' id='word_1_225' title='bbox 981 3795 1085 3844; x_wconf 78' lang='lat' dir='ltr'><strong>clen-</strong></span> 
     </span>
    </p>
   </div>
   <div class='ocr_carea' id='block_1_2' title="bbox 0 0 1190 4222">
    <p class='ocr_par' dir='ltr' id='par_1_15' title="bbox 0 0 1190 4222">
     <span class='ocr_line' id='line_1_35' title="bbox 0 0 1190 4222; baseline 0 2"><span class='ocrx_word' id='word_1_226' title='bbox 0 0 1190 4222; x_wconf 95' lang='lat' dir='ltr'><strong> </strong></span> 
     </span>
    </p>
   </div>
  </div>
 </body>
</html>
