<?xml version="1.0" encoding="UTF-8"?>
<!DOCTYPE html PUBLIC "-//W3C//DTD XHTML 1.0 Transitional//EN"
    "http://www.w3.org/TR/xhtml1/DTD/xhtml1-transitional.dtd">
<html xmlns="http://www.w3.org/1999/xhtml" xml:lang="en" lang="en">
 <head>
  <title>
</title>
<meta http-equiv="Content-Type" content="text/html;charset=utf-8" />
  <meta name='ocr-system' content='tesseract 3.04.00' />
  <meta name='ocr-capabilities' content='ocr_page ocr_carea ocr_par ocr_line ocrx_word'/>
</head>
<body>
  <div class='ocr_page' id='page_1' title='image "./historiareligio00schrgoog_0289.png"; bbox 0 0 2370 4222; ppageno 0'>
   <div class='ocr_carea' id='block_1_1' title="bbox 118 296 787 386">
    <p class='ocr_par' dir='ltr' id='par_1_1' title="bbox 118 296 787 386">
     <span class='ocr_line' id='line_1_1' title="bbox 118 296 787 386; baseline 0.006 -21"><span class='ocrx_word' id='word_1_1' title='bbox 118 296 192 366; x_wconf 68' lang='lat'><strong>284</strong></span> <span class='ocrx_word' id='word_1_2' title='bbox 413 316 596 369; x_wconf 68' lang='lat' dir='ltr'><strong>samonis</strong></span> <span class='ocrx_word' id='word_1_3' title='bbox 629 317 787 386; x_wconf 73' lang='lat' dir='ltr'><strong>ovam</strong></span> 
     </span>
    </p>
   </div>
   <div class='ocr_carea' id='block_1_2' title="bbox 113 484 1082 1498">
    <p class='ocr_par' dir='ltr' id='par_1_2' title="bbox 113 484 1082 1498">
     <span class='ocr_line' id='line_1_2' title="bbox 117 484 1079 562; baseline 0.004 -13"><span class='ocrx_word' id='word_1_4' title='bbox 117 489 297 550; x_wconf 82' lang='lat' dir='ltr'><strong>immissam</strong></span> <span class='ocrx_word' id='word_1_5' title='bbox 315 488 461 551; x_wconf 71' lang='lat' dir='ltr'><strong>exaltari</strong></span> <span class='ocrx_word' id='word_1_6' title='bbox 473 486 618 562; x_wconf 85' lang='lat' dir='ltr'><strong>iubebat,</strong></span> <span class='ocrx_word' id='word_1_7' title='bbox 638 494 677 549; x_wconf 91' lang='lat' dir='ltr'><strong>ut</strong></span> <span class='ocrx_word' id='word_1_8' title='bbox 688 484 879 551; x_wconf 82' lang='lat' dir='ltr'><strong>verissima</strong></span> <span class='ocrx_word' id='word_1_9' title='bbox 899 498 941 551; x_wconf 87' lang='lat' dir='ltr'><strong>et</strong></span> <span class='ocrx_word' id='word_1_10' title='bbox 951 487 1079 553; x_wconf 66' lang='lat' dir='ltr'><strong>utute</strong></span> 
     </span>
     <span class='ocr_line' id='line_1_3' title="bbox 115 567 1079 657; baseline 0.004 -25"><span class='ocrx_word' id='word_1_11' title='bbox 115 571 201 634; x_wconf 84' lang='lat' dir='ltr'><strong>rima</strong></span> <span class='ocrx_word' id='word_1_12' title='bbox 221 568 335 633; x_wconf 89' lang='lat' dir='ltr'><strong>omnia</strong></span> <span class='ocrx_word' id='word_1_13' title='bbox 356 571 572 648; x_wconf 84' lang='lat' dir='ltr'><strong>docerentur,</strong></span> <span class='ocrx_word' id='word_1_14' title='bbox 594 571 695 657; x_wconf 90' lang='lat' dir='ltr'><strong>idque</strong></span> <span class='ocrx_word' id='word_1_15' title='bbox 715 567 793 633; x_wconf 89' lang='lat' dir='ltr'><strong>fieri</strong></span> <span class='ocrx_word' id='word_1_16' title='bbox 819 571 979 649; x_wconf 79' lang='lat' dir='ltr'><strong>dicebat,</strong></span> <span class='ocrx_word' id='word_1_17' title='bbox 1001 596 1079 637; x_wconf 83' lang='lat' dir='ltr'><strong>amo</strong></span> 
     </span>
     <span class='ocr_line' id='line_1_4' title="bbox 115 652 1079 733; baseline 0.006 -18"><span class='ocrx_word' id='word_1_18' title='bbox 115 655 158 717; x_wconf 86' lang='lat' dir='ltr'><strong>tis</strong></span> <span class='ocrx_word' id='word_1_19' title='bbox 178 654 326 718; x_wconf 74' lang='lat' dir='ltr'>sensibus</span> <span class='ocrx_word' id='word_1_20' title='bbox 347 677 366 717; x_wconf 86' lang='lat' dir='ltr'><strong>a</strong></span> <span class='ocrx_word' id='word_1_21' title='bbox 391 657 490 720; x_wconf 87' lang='lat' dir='ltr'><strong>rebus</strong></span> <span class='ocrx_word' id='word_1_22' title='bbox 509 655 665 733; x_wconf 84' lang='lat' dir='ltr'><strong>externis,</strong></span> <span class='ocrx_word' id='word_1_23' title='bbox 693 652 768 717; x_wconf 87' lang='lat' dir='ltr'><strong>sine</strong></span> <span class='ocrx_word' id='word_1_24' title='bbox 796 655 877 720; x_wconf 90' lang='lat' dir='ltr'><strong>ullo</strong></span> <span class='ocrx_word' id='word_1_25' title='bbox 908 668 973 721; x_wconf 86' lang='lat' dir='ltr'><strong>aut</strong></span> <span class='ocrx_word' id='word_1_26' title='bbox 1000 668 1079 721; x_wconf 83' lang='lat' dir='ltr'><strong>certe</strong></span> 
     </span>
     <span class='ocr_line' id='line_1_5' title="bbox 115 738 1079 823; baseline 0.004 -23"><span class='ocrx_word' id='word_1_27' title='bbox 115 739 269 823; x_wconf 80' lang='lat' dir='ltr'><strong>pertenui</strong></span> <span class='ocrx_word' id='word_1_28' title='bbox 290 759 458 804; x_wconf 86' lang='lat' dir='ltr'><strong>sacrarum</strong></span> <span class='ocrx_word' id='word_1_29' title='bbox 478 738 662 804; x_wconf 89' lang='lat' dir='ltr'><strong>litterarum</strong></span> <span class='ocrx_word' id='word_1_30' title='bbox 690 761 782 815; x_wconf 57' lang='lat' dir='ltr'><strong>usu„</strong></span> <span class='ocrx_word' id='word_1_31' title='bbox 822 741 973 806; x_wconf 87' lang='lat' dir='ltr'><strong>Eadem</strong></span> <span class='ocrx_word' id='word_1_32' title='bbox 1002 752 1079 806; x_wconf 81' lang='lat' dir='ltr'><strong>secta</strong></span> 
     </span>
     <span class='ocr_line' id='line_1_6' title="bbox 114 824 1082 912; baseline 0.005 -29"><span class='ocrx_word' id='word_1_33' title='bbox 114 843 263 884; x_wconf 83' lang='lat' dir='ltr'><strong>severam</strong></span> <span class='ocrx_word' id='word_1_34' title='bbox 282 845 418 887; x_wconf 89' lang='lat' dir='ltr'><strong>morum</strong></span> <span class='ocrx_word' id='word_1_35' title='bbox 437 824 642 912; x_wconf 81' lang='lat' dir='ltr'><strong>disciplinam</strong></span> <span class='ocrx_word' id='word_1_36' title='bbox 662 825 958 907; x_wconf 79' lang='lat' dir='ltr'><strong>commendabat,</strong></span> <span class='ocrx_word' id='word_1_37' title='bbox 980 849 1001 888; x_wconf 86' lang='lat' dir='ltr'><strong>a</strong></span> <span class='ocrx_word' id='word_1_38' title='bbox 1021 848 1082 889; x_wconf 72' lang='lat' dir='ltr'><strong>ma</strong></span> 
     </span>
     <span class='ocr_line' id='line_1_7' title="bbox 113 904 1081 990; baseline 0.005 -23"><span class='ocrx_word' id='word_1_39' title='bbox 113 904 260 990; x_wconf 61' lang='lat' dir='ltr'><strong>gistrattn</strong></span> <span class='ocrx_word' id='word_1_40' title='bbox 286 906 510 984; x_wconf 86' lang='lat' dir='ltr'><strong>iureiurando,</strong></span> <span class='ocrx_word' id='word_1_41' title='bbox 538 909 643 981; x_wconf 88' lang='lat' dir='ltr'><strong>bello,</strong></span> <span class='ocrx_word' id='word_1_42' title='bbox 666 919 700 971; x_wconf 91' lang='lat' dir='ltr'><strong>et</strong></span> <span class='ocrx_word' id='word_1_43' title='bbox 721 911 985 975; x_wconf 85' lang='lat' dir='ltr'><strong>communibus</strong></span> <span class='ocrx_word' id='word_1_44' title='bbox 1004 909 1081 973; x_wconf 79' lang='lat' dir='ltr'><strong>vitae</strong></span> 
     </span>
     <span class='ocr_line' id='line_1_8' title="bbox 113 989 1081 1080; baseline 0.007 -29"><span class='ocrx_word' id='word_1_45' title='bbox 113 991 299 1054; x_wconf 85' lang='lat' dir='ltr'><strong>rationibus</strong></span> <span class='ocrx_word' id='word_1_46' title='bbox 318 991 484 1076; x_wconf 81' lang='lat' dir='ltr'><strong>plurimis,</strong></span> <span class='ocrx_word' id='word_1_47' title='bbox 514 992 629 1057; x_wconf 87' lang='lat' dir='ltr'><strong>aliena.</strong></span> <span class='ocrx_word' id='word_1_48' title='bbox 680 989 851 1057; x_wconf 85' lang='lat' dir='ltr'><strong>Cetemm</strong></span> <span class='ocrx_word' id='word_1_49' title='bbox 882 1016 1005 1080; x_wconf 83' lang='lat' dir='ltr'><strong>pressa</strong></span> <span class='ocrx_word' id='word_1_50' title='bbox 1033 994 1081 1057; x_wconf 85' lang='lat' dir='ltr'><strong>ali·</strong></span> 
     </span>
     <span class='ocr_line' id='line_1_9' title="bbox 115 1075 1080 1172; baseline 0.004 -36"><span class='ocrx_word' id='word_1_51' title='bbox 115 1075 288 1172; x_wconf 53' lang='lat' dir='ltr'><strong>quamdin</strong></span> <span class='ocrx_word' id='word_1_52' title='bbox 302 1076 438 1140; x_wconf 85' lang='lat' dir='ltr'><strong>tandem&#39;</strong></span> <span class='ocrx_word' id='word_1_53' title='bbox 458 1088 492 1141; x_wconf 90' lang='lat' dir='ltr'><strong>et</strong></span> <span class='ocrx_word' id='word_1_54' title='bbox 508 1077 544 1140; x_wconf 93' lang='lat' dir='ltr'><strong>in</strong></span> <span class='ocrx_word' id='word_1_55' title='bbox 557 1075 681 1164; x_wconf 76' lang='lat' dir='ltr'><strong>Anglia‚</strong></span> <span class='ocrx_word' id='word_1_56' title='bbox 703 1086 736 1139; x_wconf 92' lang='lat' dir='ltr'><strong>et</strong></span> <span class='ocrx_word' id='word_1_57' title='bbox 750 1076 909 1141; x_wconf 87' lang='lat' dir='ltr'><strong>maxime</strong></span> <span class='ocrx_word' id='word_1_58' title='bbox 929 1078 969 1142; x_wconf 88' lang='lat' dir='ltr'><strong>in</strong></span> <span class='ocrx_word' id='word_1_59' title='bbox 989 1080 1080 1143; x_wconf 78' lang='lat' dir='ltr'><strong>Arne</strong></span> 
     </span>
     <span class='ocr_line' id='line_1_10' title="bbox 113 1160 1080 1263; baseline 0.006 -42"><span class='ocrx_word' id='word_1_60' title='bbox 113 1179 183 1222; x_wconf 85' lang='lat' dir='ltr'><strong>nea</strong></span> <span class='ocrx_word' id='word_1_61' title='bbox 204 1160 468 1263; x_wconf 83' lang='lat' dir='ltr'><strong>septentrionali,</strong></span> <span class='ocrx_word' id='word_1_62' title='bbox 494 1162 646 1225; x_wconf 87' lang='lat' dir='ltr'><strong>stabilem</strong></span> <span class='ocrx_word' id='word_1_63' title='bbox 673 1161 789 1224; x_wconf 88' lang='lat' dir='ltr'><strong>sedem</strong></span> <span class='ocrx_word' id='word_1_64' title='bbox 810 1160 977 1240; x_wconf 86' lang='lat' dir='ltr'><strong>invenit‚·</strong></span> <span class='ocrx_word' id='word_1_65' title='bbox 1000 1161 1080 1227; x_wconf 86' lang='lat' dir='ltr'><strong>oeci·</strong></span> 
     </span>
     <span class='ocr_line' id='line_1_11' title="bbox 115 1241 1079 1331; baseline 0.003 -25"><span class='ocrx_word' id='word_1_66' title='bbox 115 1243 215 1306; x_wconf 90' lang='lat' dir='ltr'><strong>dente</strong></span> <span class='ocrx_word' id='word_1_67' title='bbox 237 1248 312 1308; x_wconf 72' lang='lat' dir='ltr'><strong>bec.</strong></span> <span class='ocrx_word' id='word_1_68' title='bbox 332 1241 440 1313; x_wconf 75' lang='lat' dir='ltr'><strong>XVII.</strong></span> <span class='ocrx_word' id='word_1_69' title='bbox 491 1246 605 1331; x_wconf 86' lang='lat' dir='ltr'><strong>Quam</strong></span> <span class='ocrx_word' id='word_1_70' title='bbox 633 1244 874 1331; x_wconf 77' lang='lat' dir='ltr'><strong>benigniorem</strong></span> <span class='ocrx_word' id='word_1_71' title='bbox 903 1245 1079 1311; x_wconf 77' lang='lat' dir='ltr'><strong>formnam</strong></span> 
     </span>
     <span class='ocr_line' id='line_1_12' title="bbox 114 1327 1078 1420; baseline 0.009 -33"><span class='ocrx_word' id='word_1_72' title='bbox 114 1327 325 1414; x_wconf 86' lang='lat' dir='ltr'><strong>potissimum</strong></span> <span class='ocrx_word' id='word_1_73' title='bbox 344 1328 422 1393; x_wconf 85' lang='lat' dir='ltr'><strong>viris</strong></span> <span class='ocrx_word' id='word_1_74' title='bbox 442 1330 640 1420; x_wconf 88' lang='lat' dir='ltr'><strong>quibusdam</strong></span> <span class='ocrx_word' id='word_1_75' title='bbox 656 1330 763 1393; x_wconf 90' lang='lat' dir='ltr'><strong>doctis</strong></span> <span class='ocrx_word' id='word_1_76' title='bbox 783 1340 820 1392; x_wconf 92' lang='lat' dir='ltr'><strong>et</strong></span> <span class='ocrx_word' id='word_1_77' title='bbox 864 1331 1078 1407; x_wconf 83' lang='lat' dir='ltr'><strong>rudentibus,</strong></span> 
     </span>
     <span class='ocr_line' id='line_1_13' title="bbox 116 1352 1077 1498; baseline 0.007 -25"><span class='ocrx_word' id='word_1_78' title='bbox 116 1410 174 1498; x_wconf 91' lang='lat' dir='ltr'><strong>qui</strong></span> <span class='ocrx_word' id='word_1_79' title='bbox 201 1412 253 1474; x_wconf 87' lang='lat' dir='ltr'><strong>vel</strong></span> <span class='ocrx_word' id='word_1_80' title='bbox 280 1413 436 1498; x_wconf 75' lang='lat' dir='ltr'><strong>dogmata</strong></span> <span class='ocrx_word' id='word_1_81' title='bbox 458 1415 528 1479; x_wconf 89' lang='lat' dir='ltr'><strong>eius</strong></span> <span class='ocrx_word' id='word_1_82' title='bbox 546 1424 764 1489; x_wconf 79' lang='lat' dir='ltr'><strong>exornarunt,</strong></span> <span class='ocrx_word' id='word_1_83' title='bbox 791 1352 864 1475; x_wconf 46' lang='lat' dir='ltr'><strong>vei)</strong></span> <span class='ocrx_word' id='word_1_84' title='bbox 870 1417 1077 1480; x_wconf 80' lang='lat' dir='ltr'><strong>auctoritate</strong></span> 
     </span>
    </p>
   </div>
   <div class='ocr_carea' id='block_1_3' title="bbox 113 1495 1076 1903">
    <p class='ocr_par' dir='ltr' id='par_1_3' title="bbox 113 1495 1076 1903">
     <span class='ocr_line' id='line_1_14' title="bbox 115 1495 1076 1586; baseline 0.004 -27"><span class='ocrx_word' id='word_1_85' title='bbox 115 1507 151 1559; x_wconf 89' lang='lat' dir='ltr'><strong>et</strong></span> <span class='ocrx_word' id='word_1_86' title='bbox 171 1495 295 1582; x_wconf 80' lang='lat' dir='ltr'><strong>legibus</strong></span> <span class='ocrx_word' id='word_1_87' title='bbox 315 1518 389 1560; x_wconf 90' lang='lat' dir='ltr'><strong>eam</strong></span> <span class='ocrx_word' id='word_1_88' title='bbox 411 1499 622 1575; x_wconf 84' lang='lat' dir='ltr'><strong>adiuverunt,</strong></span> <span class='ocrx_word' id='word_1_89' title='bbox 645 1500 729 1566; x_wconf 72' lang='lat' dir='ltr'><strong>nob.</strong></span> <span class='ocrx_word' id='word_1_90' title='bbox 748 1499 929 1574; x_wconf 78' lang='lat' dir='ltr'><strong>Barclaio,</strong></span> <span class='ocrx_word' id='word_1_91' title='bbox 957 1503 1076 1586; x_wconf 73' lang='lat' dir='ltr'><strong>Georg.</strong></span> 
     </span>
     <span class='ocr_line' id='line_1_15' title="bbox 115 1581 1076 1667; baseline 0.008 -25"><span class='ocrx_word' id='word_1_92' title='bbox 115 1581 246 1657; x_wconf 67' lang='lat' dir='ltr'><strong>naisso,</strong></span> <span class='ocrx_word' id='word_1_93' title='bbox 268 1592 304 1646; x_wconf 89' lang='lat' dir='ltr'><strong>et</strong></span> <span class='ocrx_word' id='word_1_94' title='bbox 323 1584 410 1648; x_wconf 81' lang='lat' dir='ltr'><strong>Guil.</strong></span> <span class='ocrx_word' id='word_1_95' title='bbox 433 1588 558 1660; x_wconf 82' lang='lat' dir='ltr'><strong>Penne,</strong></span> <span class='ocrx_word' id='word_1_96' title='bbox 579 1583 694 1648; x_wconf 83' lang='lat' dir='ltr'><strong>debuit</strong></span> <span class='ocrx_word' id='word_1_97' title='bbox 712 1588 756 1667; x_wconf 65' lang='grc' dir='ltr'><strong>θ).</strong></span> <span class='ocrx_word' id='word_1_98' title='bbox 807 1583 1012 1649; x_wconf 86' lang='lat' dir='ltr'><strong>Obscurior</strong></span> <span class='ocrx_word' id='word_1_99' title='bbox 1030 1597 1076 1650; x_wconf 83' lang='lat' dir='ltr'><strong>est</strong></span> 
     </span>
     <span class='ocr_line' id='line_1_16' title="bbox 113 1667 1073 1758; baseline 0.003 -27"><span class='ocrx_word' id='word_1_100' title='bbox 113 1671 393 1735; x_wconf 76' lang='lat' dir='ltr'><strong>Methodistmm</strong></span> <span class='ocrx_word' id='word_1_101' title='bbox 414 1682 522 1748; x_wconf 87' lang='lat' dir='ltr'><strong>ortus,</strong></span> <span class='ocrx_word' id='word_1_102' title='bbox 550 1670 606 1758; x_wconf 91' lang='lat' dir='ltr'><strong>qui</strong></span> <span class='ocrx_word' id='word_1_103' title='bbox 630 1680 743 1734; x_wconf 84' lang='lat' dir='ltr'><strong>coetus</strong></span> <span class='ocrx_word' id='word_1_104' title='bbox 768 1667 804 1731; x_wconf 91' lang='lat' dir='ltr'><strong>in</strong></span> <span class='ocrx_word' id='word_1_105' title='bbox 824 1668 950 1754; x_wconf 79' lang='lat' dir='ltr'><strong>Anglia</strong></span> <span class='ocrx_word' id='word_1_106' title='bbox 978 1683 1073 1734; x_wconf 85' lang='lat' dir='ltr'><strong>natus</strong></span> 
     </span>
     <span class='ocr_line' id='line_1_17' title="bbox 115 1751 1073 1903; baseline 0.001 -86"><span class='ocrx_word' id='word_1_107' title='bbox 115 1765 245 1903; x_wconf 76' lang='lat' dir='ltr'><strong>posta.</strong></span> <span class='ocrx_word' id='word_1_108' title='bbox 267 1751 504 1820; x_wconf 87' lang='lat' dir='ltr'>MDCCXXX.</span> <span class='ocrx_word' id='word_1_109' title='bbox 540 1755 733 1841; x_wconf 83' lang='lat' dir='ltr'><strong>parentibus</strong></span> <span class='ocrx_word' id='word_1_110' title='bbox 756 1755 936 1818; x_wconf 81' lang='lat' dir='ltr'><strong>Weslaeis</strong></span> <span class='ocrx_word' id='word_1_111' title='bbox 963 1753 1073 1819; x_wconf 82' lang='lat' dir='ltr'><strong>fratri-</strong></span> 
     </span>
    </p>
   </div>
   <div class='ocr_carea' id='block_1_4' title="bbox 91 1840 1073 2153">
    <p class='ocr_par' dir='ltr' id='par_1_4' title="bbox 91 1840 1073 2153">
     <span class='ocr_line' id='line_1_18' title="bbox 91 1840 1072 1931; baseline 0.003 -30"><span class='ocrx_word' id='word_1_112' title='bbox 91 1855 94 1858; x_wconf 75' lang='lat'>·</span> <span class='ocrx_word' id='word_1_113' title='bbox 141 1861 189 1911; x_wconf 85' lang='lat' dir='ltr'><strong>us,</strong></span> <span class='ocrx_word' id='word_1_114' title='bbox 207 1852 241 1903; x_wconf 88' lang='lat' dir='ltr'><strong>et</strong></span> <span class='ocrx_word' id='word_1_115' title='bbox 252 1841 479 1931; x_wconf 70' lang='lat' dir='ltr'><strong>Wditfieldio,</strong></span> <span class='ocrx_word' id='word_1_116' title='bbox 495 1840 539 1904; x_wconf 91' lang='lat' dir='ltr'><strong>ad</strong></span> <span class='ocrx_word' id='word_1_117' title='bbox 557 1850 706 1904; x_wconf 90' lang='lat' dir='ltr'><strong>nostram</strong></span> <span class='ocrx_word' id='word_1_118' title='bbox 720 1860 824 1924; x_wconf 84' lang='lat' dir='ltr'><strong>usque</strong></span> <span class='ocrx_word' id='word_1_119' title='bbox 843 1849 1001 1917; x_wconf 81' lang='lat' dir='ltr'><strong>aetatem</strong></span> <span class='ocrx_word' id='word_1_120' title='bbox 1017 1840 1072 1904; x_wconf 77' lang='lat' dir='ltr'><strong>mi</strong></span> 
     </span>
     <span class='ocr_line' id='line_1_19' title="bbox 115 1922 1071 2020; baseline 0.002 -36"><span class='ocrx_word' id='word_1_121' title='bbox 115 1945 193 1984; x_wconf 87' lang='lat' dir='ltr'><strong>rum</strong></span> <span class='ocrx_word' id='word_1_122' title='bbox 220 1937 384 2020; x_wconf 73' lang='lat' dir='ltr'><strong>quantum</strong></span> <span class='ocrx_word' id='word_1_123' title='bbox 412 1925 526 1988; x_wconf 85' lang='lat' dir='ltr'><strong>floruit</strong></span> <span class='ocrx_word' id='word_1_124' title='bbox 553 1935 587 1986; x_wconf 91' lang='lat' dir='ltr'><strong>et</strong></span> <span class='ocrx_word' id='word_1_125' title='bbox 611 1923 648 2018; x_wconf 78' lang='lat' dir='ltr'><strong>in</strong></span> <span class='ocrx_word' id='word_1_126' title='bbox 674 1922 883 2018; x_wconf 70' lang='lat' dir='ltr'><strong>emendanda</strong></span> <span class='ocrx_word' id='word_1_127' title='bbox 913 1922 1071 2020; x_wconf 76' lang='lat' dir='ltr'><strong>doctrina</strong></span> 
     </span>
     <span class='ocr_line' id='line_1_20' title="bbox 114 2006 1073 2153; baseline 0.004 -84"><span class='ocrx_word' id='word_1_128' title='bbox 114 2006 284 2070; x_wconf 70' lang='lat' dir='ltr'><strong>Ecclesiae</strong></span> <span class='ocrx_word' id='word_1_129' title='bbox 296 2008 502 2153; x_wconf 57' lang='lat' dir='ltr'><strong>Episc&#39;ppalis</strong></span> <span class='ocrx_word' id='word_1_130' title='bbox 522 2016 557 2068; x_wconf 91' lang='lat' dir='ltr'><strong>et</strong></span> <span class='ocrx_word' id='word_1_131' title='bbox 571 2006 754 2069; x_wconf 81' lang='lat' dir='ltr'><strong>adiuvanda</strong></span> <span class='ocrx_word' id='word_1_132' title='bbox 772 2016 897 2092; x_wconf 81' lang='lat' dir='ltr'><strong>pietate</strong></span> <span class='ocrx_word' id='word_1_133' title='bbox 915 2008 1014 2090; x_wconf 88' lang='lat' dir='ltr'><strong>apud</strong></span> <span class='ocrx_word' id='word_1_134' title='bbox 1033 2032 1073 2073; x_wconf 77' lang='lat' dir='ltr'><strong>ct-</strong></span> 
     </span>
    </p>
   </div>
   <div class='ocr_carea' id='block_1_5' title="bbox 114 2089 974 2178">
    <p class='ocr_par' dir='ltr' id='par_1_5' title="bbox 114 2089 974 2178">
     <span class='ocr_line' id='line_1_21' title="bbox 114 2089 974 2178; baseline 0.005 -26"><span class='ocrx_word' id='word_1_135' title='bbox 114 2112 171 2154; x_wconf 87' lang='lat' dir='ltr'><strong>ves</strong></span> <span class='ocrx_word' id='word_1_136' title='bbox 188 2112 275 2165; x_wconf 89' lang='lat' dir='ltr'><strong>suos,</strong></span> <span class='ocrx_word' id='word_1_137' title='bbox 301 2113 394 2154; x_wconf 90' lang='lat' dir='ltr'><strong>nonn</strong></span> <span class='ocrx_word' id='word_1_138' title='bbox 443 2112 500 2152; x_wconf 89' lang='lat' dir='ltr'><strong>um</strong></span> <span class='ocrx_word' id='word_1_139' title='bbox 520 2110 643 2177; x_wconf 85' lang='lat' dir='ltr'><strong>operae</strong></span> <span class='ocrx_word' id='word_1_140' title='bbox 661 2090 806 2178; x_wconf 89' lang='lat' dir='ltr'><strong>pretium</strong></span> <span class='ocrx_word' id='word_1_141' title='bbox 826 2089 909 2152; x_wconf 81' lang='lat' dir='ltr'><strong>iecit</strong></span> <span class='ocrx_word' id='word_1_142' title='bbox 928 2091 974 2156; x_wconf 66' lang='grc' dir='ltr'><strong>ὂ.</strong></span> 
     </span>
    </p>
   </div>
   <div class='ocr_carea' id='block_1_6' title="bbox 150 2258 1069 2484">
    <p class='ocr_par' dir='ltr' id='par_1_6' title="bbox 150 2258 1069 2484">
     <span class='ocr_line' id='line_1_22' title="bbox 150 2258 1069 2359; baseline 0.001 -31"><span class='ocrx_word' id='word_1_143' title='bbox 150 2278 176 2340; x_wconf 77' lang='lat'><strong>*)</strong></span> <span class='ocrx_word' id='word_1_144' title='bbox 194 2275 300 2359; x_wconf 42' lang='lat' dir='ltr'><strong>Geor&amp;</strong></span> <span class='ocrx_word' id='word_1_145' title='bbox 314 2273 421 2358; x_wconf 69' lang='lat' dir='ltr'><strong>Grpesit&#39;</strong></span> <span class='ocrx_word' id='word_1_146' title='bbox 430 2274 505 2328; x_wconf 76' lang='lat' dir='ltr'><strong>ssiat.</strong></span> <span class='ocrx_word' id='word_1_147' title='bbox 516 2272 654 2337; x_wconf 73' lang='lat' dir='ltr'><strong>Quaeker·</strong></span> <span class='ocrx_word' id='word_1_148' title='bbox 666 2290 727 2355; x_wconf 66' lang='lat' dir='ltr'><strong>curn</strong></span> <span class='ocrx_word' id='word_1_149' title='bbox 739 2272 972 2356; x_wconf 54' lang='lat' dir='ltr'><strong>tirluddationib.</strong></span> <span class='ocrx_word' id='word_1_150' title='bbox 984 2258 1069 2329; x_wconf 73' lang='lat' dir='ltr'><strong>Kolt-</strong></span> 
     </span>
     <span class='ocr_line' id='line_1_23' title="bbox 183 2342 1068 2484; baseline -0.001 -17"><span class='ocrx_word' id='word_1_151' title='bbox 183 2344 401 2484; x_wconf 57' lang='lat' dir='ltr'><strong>Zilfllltlm</strong></span> <span class='ocrx_word' id='word_1_152' title='bbox 435 2342 1068 2482; x_wconf 49' lang='lat' dir='ltr'><strong>¹¹‘att&#39;tttl‘tttttattttaaxt</strong></span> 
     </span>
    </p>
   </div>
   <div class='ocr_carea' id='block_1_7' title="bbox 150 2511 1068 2859">
    <p class='ocr_par' dir='ltr' id='par_1_7' title="bbox 150 2511 1068 2859">
     <span class='ocr_line' id='line_1_24' title="bbox 150 2511 1065 2599; baseline -0.003 -30"><span class='ocrx_word' id='word_1_153' title='bbox 150 2518 176 2581; x_wconf 70' lang='lat' dir='ltr'><strong>t)</strong></span> <span class='ocrx_word' id='word_1_154' title='bbox 192 2517 295 2571; x_wconf 71' lang='lat' dir='ltr'><strong>Alteras·</strong></span> <span class='ocrx_word' id='word_1_155' title='bbox 312 2516 414 2584; x_wconf 82' lang='lat' dir='ltr'><strong>Epistt·</strong></span> <span class='ocrx_word' id='word_1_156' title='bbox 437 2533 525 2599; x_wconf 74' lang='lat' dir='ltr'><strong>germ.</strong></span> <span class='ocrx_word' id='word_1_157' title='bbox 546 2517 580 2568; x_wconf 86' lang='lat' dir='ltr'><strong>de</strong></span> <span class='ocrx_word' id='word_1_158' title='bbox 599 2522 676 2567; x_wconf 82' lang='lat' dir='ltr'><strong>statu</strong></span> <span class='ocrx_word' id='word_1_159' title='bbox 695 2515 775 2583; x_wconf 81' lang='lat' dir='ltr'><strong>relig.</strong></span> <span class='ocrx_word' id='word_1_160' title='bbox 799 2519 829 2566; x_wconf 87' lang='lat' dir='ltr'><strong>et</strong></span> <span class='ocrx_word' id='word_1_161' title='bbox 850 2511 939 2565; x_wconf 84' lang='lat' dir='ltr'><strong>litter.</strong></span> <span class='ocrx_word' id='word_1_162' title='bbox 960 2514 992 2567; x_wconf 86' lang='lat' dir='ltr'><strong>in</strong></span> <span class='ocrx_word' id='word_1_163' title='bbox 1014 2514 1065 2566; x_wconf 73' lang='lat' dir='ltr'><strong>Aa·</strong></span> 
     </span>
     <span class='ocr_line' id='line_1_25' title="bbox 183 2581 1066 2655; baseline -0.001 -18"><span class='ocrx_word' id='word_1_164' title='bbox 183 2588 250 2655; x_wconf 82' lang='lat' dir='ltr'><strong>glia.</strong></span> <span class='ocrx_word' id='word_1_165' title='bbox 280 2584 400 2636; x_wconf 84' lang='lat' dir='ltr'><strong>Waleln&#39;i</strong></span> <span class='ocrx_word' id='word_1_166' title='bbox 416 2586 490 2638; x_wconf 72' lang='lat' dir='ltr'><strong>itast.</strong></span> <span class='ocrx_word' id='word_1_167' title='bbox 515 2585 614 2638; x_wconf 81' lang='lat' dir='ltr'><strong>eccles.</strong></span> <span class='ocrx_word' id='word_1_168' title='bbox 634 2585 778 2639; x_wconf 83' lang='lat' dir='ltr'><strong>recentiss.</strong></span> <span class='ocrx_word' id='word_1_169' title='bbox 819 2581 1015 2636; x_wconf 58' lang='lat' dir='ltr'><strong>wodeton&amp;</strong></span> <span class='ocrx_word' id='word_1_170' title='bbox 1037 2594 1066 2636; x_wconf 84' lang='lat' dir='ltr'><strong>et</strong></span> 
     </span>
     <span class='ocr_line' id='line_1_26' title="bbox 180 2651 1068 2721; baseline -0.003 -13"><span class='ocrx_word' id='word_1_171' title='bbox 180 2655 300 2708; x_wconf 82' lang='lat' dir='ltr'><strong>maxime</strong></span> <span class='ocrx_word' id='word_1_172' title='bbox 319 2651 361 2705; x_wconf 84' lang='lat' dir='ltr'><strong>Io.</strong></span> <span class='ocrx_word' id='word_1_173' title='bbox 380 2652 533 2721; x_wconf 81' lang='lat' dir='ltr'><strong>Hampsoai</strong></span> <span class='ocrx_word' id='word_1_174' title='bbox 546 2654 730 2705; x_wconf 79' lang='lat' dir='ltr'><strong>narrationes.</strong></span> <span class='ocrx_word' id='word_1_175' title='bbox 765 2651 867 2720; x_wconf 79' lang='lat' dir='ltr'><strong>Boguii</strong></span> <span class='ocrx_word' id='word_1_176' title='bbox 892 2659 922 2705; x_wconf 87' lang='lat' dir='ltr'><strong>et</strong></span> <span class='ocrx_word' id='word_1_177' title='bbox 938 2651 1068 2707; x_wconf 71' lang='lat' dir='ltr'><strong>Beuum·</strong></span> 
     </span>
     <span class='ocr_line' id='line_1_27' title="bbox 180 2721 1066 2792; baseline 0.001 -18"><span class='ocrx_word' id='word_1_178' title='bbox 180 2725 253 2779; x_wconf 81' lang='lat' dir='ltr'><strong>Hist</strong></span> <span class='ocrx_word' id='word_1_179' title='bbox 283 2722 521 2775; x_wconf 79' lang='lat' dir='ltr'><strong>Dissentientium.</strong></span> <span class='ocrx_word' id='word_1_180' title='bbox 568 2721 613 2774; x_wconf 83' lang='lat' dir='ltr'><strong>Ex</strong></span> <span class='ocrx_word' id='word_1_181' title='bbox 646 2722 720 2792; x_wconf 80' lang='lat' dir='ltr'><strong>angl</strong></span> <span class='ocrx_word' id='word_1_182' title='bbox 749 2738 836 2790; x_wconf 80' lang='lat' dir='ltr'><strong>germ.</strong></span> <span class='ocrx_word' id='word_1_183' title='bbox 867 2736 1005 2777; x_wconf 79' lang='lat' dir='ltr'><strong>conversa</strong></span> <span class='ocrx_word' id='word_1_184' title='bbox 1035 2724 1066 2775; x_wconf 77' lang='lat' dir='ltr'><strong>in</strong></span> 
     </span>
     <span class='ocr_line' id='line_1_28' title="bbox 181 2788 780 2859; baseline -0.003 -13"><span class='ocrx_word' id='word_1_185' title='bbox 181 2790 331 2846; x_wconf 80' lang='lat' dir='ltr'><strong>staudlinii</strong></span> <span class='ocrx_word' id='word_1_186' title='bbox 345 2792 497 2859; x_wconf 71' lang='lat' dir='ltr'><strong>Tabulatis</strong></span> <span class='ocrx_word' id='word_1_187' title='bbox 519 2791 595 2845; x_wconf 73' lang='lat' dir='ltr'><strong>nist.</strong></span> <span class='ocrx_word' id='word_1_188' title='bbox 615 2788 780 2849; x_wconf 65' lang='lat' dir='ltr'><strong>ecclesiast?</strong></span> 
     </span>
    </p>
   </div>
   <div class='ocr_carea' id='block_1_8' title="bbox 520 2960 653 3102">
    <p class='ocr_par' dir='ltr' id='par_1_8' title="bbox 520 2960 653 3102">
     <span class='ocr_line' id='line_1_29' title="bbox 520 2960 653 3102; baseline -0.008 -23"><span class='ocrx_word' id='word_1_189' title='bbox 520 3003 552 3102; x_wconf 65' lang='lat' dir='ltr'><strong>t.</strong></span> <span class='ocrx_word' id='word_1_190' title='bbox 588 2960 653 3079; x_wconf 75' lang='lat' dir='ltr'><strong>nr.</strong></span> 
     </span>
    </p>
   </div>
   <div class='ocr_carea' id='block_1_9' title="bbox 112 3157 1063 3333">
    <p class='ocr_par' dir='ltr' id='par_1_9' title="bbox 112 3157 1063 3333">
     <span class='ocr_line' id='line_1_30' title="bbox 112 3157 1063 3264; baseline 0.003 -37"><span class='ocrx_word' id='word_1_191' title='bbox 112 3157 319 3249; x_wconf 72' lang='lat' dir='ltr'><strong>Religeiam‘s</strong></span> <span class='ocrx_word' id='word_1_192' title='bbox 346 3174 465 3235; x_wconf 82' lang='lat' dir='ltr'><strong>status</strong></span> <span class='ocrx_word' id='word_1_193' title='bbox 487 3175 528 3234; x_wconf 83' lang='lat' dir='ltr'><strong>et</strong></span> <span class='ocrx_word' id='word_1_194' title='bbox 548 3175 788 3234; x_wconf 73' lang='lat' dir='ltr'><strong>cmstrorerss·</strong></span> <span class='ocrx_word' id='word_1_195' title='bbox 810 3160 999 3264; x_wconf 76' lang='lat' dir='ltr'><strong>theologg.</strong></span> <span class='ocrx_word' id='word_1_196' title='bbox 1022 3163 1063 3231; x_wconf 75' lang='lat' dir='ltr'><strong>eie</strong></span> 
     </span>
     <span class='ocr_line' id='line_1_31' title="bbox 291 3260 874 3333; baseline 0.002 -4"><span class='ocrx_word' id='word_1_197' title='bbox 291 3260 395 3332; x_wconf 83' lang='lat' dir='ltr'><strong>Ecel.</strong></span> <span class='ocrx_word' id='word_1_198' title='bbox 418 3262 605 3332; x_wconf 78' lang='lat' dir='ltr'><strong>Romana.</strong></span> <span class='ocrx_word' id='word_1_199' title='bbox 629 3261 874 3333; x_wconf 79' lang='lat' dir='ltr'><strong>Ionsem&#39;stoe.</strong></span> 
     </span>
    </p>
   </div>
   <div class='ocr_carea' id='block_1_10' title="bbox 76 3418 1115 3912">
    <p class='ocr_par' dir='ltr' id='par_1_10' title="bbox 76 3418 1115 3851">
     <span class='ocr_line' id='line_1_32' title="bbox 194 3418 1062 3507; baseline 0.001 -26"><span class='ocrx_word' id='word_1_200' title='bbox 194 3421 233 3482; x_wconf 89' lang='lat' dir='ltr'><strong>ln</strong></span> <span class='ocrx_word' id='word_1_201' title='bbox 260 3424 415 3486; x_wconf 79' lang='lat' dir='ltr'><strong>Romana</strong></span> <span class='ocrx_word' id='word_1_202' title='bbox 433 3426 586 3486; x_wconf 82' lang='lat' dir='ltr'><strong>Ecclesia</strong></span> <span class='ocrx_word' id='word_1_203' title='bbox 611 3421 670 3487; x_wconf 87' lang='lat' dir='ltr'><strong>etsi</strong></span> <span class='ocrx_word' id='word_1_204' title='bbox 693 3421 805 3507; x_wconf 75' lang='lat' dir='ltr'><strong>religio</strong></span> <span class='ocrx_word' id='word_1_205' title='bbox 833 3418 978 3506; x_wconf 83' lang='lat' dir='ltr'><strong>pendeat</strong></span> <span class='ocrx_word' id='word_1_206' title='bbox 1004 3420 1062 3482; x_wconf 87' lang='lat' dir='ltr'><strong>ad-</strong></span> 
     </span>
     <span class='ocr_line' id='line_1_33' title="bbox 76 3503 1062 3594; baseline -0.003 -28"><span class='ocrx_word' id='word_1_207' title='bbox 76 3534 79 3543; x_wconf 92' lang='lat'>·</span> <span class='ocrx_word' id='word_1_208' title='bbox 111 3503 178 3571; x_wconf 86' lang='lat' dir='ltr'><strong>hue</strong></span> <span class='ocrx_word' id='word_1_209' title='bbox 198 3526 309 3569; x_wconf 85' lang='lat' dir='ltr'><strong>revera</strong></span> <span class='ocrx_word' id='word_1_210' title='bbox 332 3507 375 3568; x_wconf 91' lang='lat' dir='ltr'><strong>ab</strong></span> <span class='ocrx_word' id='word_1_211' title='bbox 395 3508 491 3569; x_wconf 88' lang='lat' dir='ltr'><strong>unius</strong></span> <span class='ocrx_word' id='word_1_212' title='bbox 507 3509 664 3594; x_wconf 83' lang='lat' dir='ltr'><strong>Episcopi</strong></span> <span class='ocrx_word' id='word_1_213' title='bbox 681 3506 837 3580; x_wconf 85' lang='lat' dir='ltr'><strong>decretis;</strong></span> <span class='ocrx_word' id='word_1_214' title='bbox 852 3518 983 3575; x_wconf 82' lang='lat' dir='ltr'><strong>tamen,</strong></span> <span class='ocrx_word' id='word_1_215' title='bbox 999 3524 1062 3588; x_wconf 90' lang='lat' dir='ltr'><strong>po-</strong></span> 
     </span>
     <span class='ocr_line' id='line_1_34' title="bbox 109 3588 1115 3664; baseline 0.002 -16"><span class='ocrx_word' id='word_1_216' title='bbox 109 3598 228 3654; x_wconf 87' lang='lat' dir='ltr'><strong>testate</strong></span> <span class='ocrx_word' id='word_1_217' title='bbox 250 3588 319 3652; x_wconf 86' lang='lat' dir='ltr'><strong>eius</strong></span> <span class='ocrx_word' id='word_1_218' title='bbox 338 3588 553 3655; x_wconf 89' lang='lat' dir='ltr'><strong>vehementer</strong></span> <span class='ocrx_word' id='word_1_219' title='bbox 573 3614 746 3664; x_wconf 86' lang='lat' dir='ltr'><strong>concussa,</strong></span> <span class='ocrx_word' id='word_1_220' title='bbox 775 3590 904 3655; x_wconf 82' lang='lat' dir='ltr'><strong>iactum</strong></span> <span class='ocrx_word' id='word_1_221' title='bbox 926 3599 990 3663; x_wconf 86' lang='lat' dir='ltr'><strong>est,</strong></span> <span class='ocrx_word' id='word_1_222' title='bbox 1020 3597 1060 3650; x_wconf 91' lang='lat' dir='ltr'><strong>ut</strong></span> <span class='ocrx_word' id='word_1_223' title='bbox 1110 3614 1115 3621; x_wconf 90' lang='lat'>·</span> 
     </span>
     <span class='ocr_line' id='line_1_35' title="bbox 109 3670 1059 3763; baseline -0.003 -27"><span class='ocrx_word' id='word_1_224' title='bbox 109 3670 414 3759; x_wconf 65' lang='lat' dir='ltr'><strong>atiquaslibertaeis</strong></span> <span class='ocrx_word' id='word_1_225' title='bbox 441 3680 552 3740; x_wconf 83' lang='lat' dir='ltr'><strong>umbra</strong></span> <span class='ocrx_word' id='word_1_226' title='bbox 579 3679 612 3742; x_wconf 88' lang='lat' dir='ltr'><strong>in</strong></span> <span class='ocrx_word' id='word_1_227' title='bbox 639 3674 903 3763; x_wconf 60' lang='lat' dir='ltr'><strong>francogatlicm</strong></span> <span class='ocrx_word' id='word_1_228' title='bbox 935 3671 1059 3736; x_wconf 85' lang='lat' dir='ltr'><strong>Italico</strong></span> 
     </span>
     <span class='ocr_line' id='line_1_36' title="bbox 108 3759 1061 3851; baseline -0.006 -26"><span class='ocrx_word' id='word_1_229' title='bbox 108 3769 143 3820; x_wconf 83' lang='lat' dir='ltr'><strong>et</strong></span> <span class='ocrx_word' id='word_1_230' title='bbox 170 3759 373 3828; x_wconf 85' lang='lat' dir='ltr'><strong>Germanico</strong></span> <span class='ocrx_word' id='word_1_231' title='bbox 402 3773 500 3828; x_wconf 83' lang='lat' dir='ltr'><strong>coetu</strong></span> <span class='ocrx_word' id='word_1_232' title='bbox 523 3764 649 3851; x_wconf 83' lang='lat' dir='ltr'><strong>&#39;passim</strong></span> <span class='ocrx_word' id='word_1_233' title='bbox 677 3762 883 3826; x_wconf 85' lang='lat' dir='ltr'><strong>suboriretur</strong></span> <span class='ocrx_word' id='word_1_234' title='bbox 888 3788 901 3838; x_wconf 81' lang='lat'><strong>,-</strong></span> <span class='ocrx_word' id='word_1_235' title='bbox 931 3761 1061 3823; x_wconf 81' lang='lat' dir='ltr'><strong>dubita-</strong></span> 
     </span>
    </p>

    <p class='ocr_par' dir='ltr' id='par_1_11' title="bbox 733 3850 1059 3912">
     <span class='ocr_line' id='line_1_37' title="bbox 733 3850 1059 3912; baseline 0 -1"><span class='ocrx_word' id='word_1_236' title='bbox 733 3862 737 3867; x_wconf 91' lang='lat'>&#39;</span> <span class='ocrx_word' id='word_1_237' title='bbox 944 3892 951 3899; x_wconf 82' lang='grc'><strong>-</strong></span> <span class='ocrx_word' id='word_1_238' title='bbox 995 3850 1059 3912; x_wconf 79' lang='lat' dir='ltr'><strong>tio·</strong></span> 
     </span>
    </p>
   </div>
   <div class='ocr_carea' id='block_1_11' title="bbox 0 0 1190 4222">
    <p class='ocr_par' dir='ltr' id='par_1_12' title="bbox 0 0 1190 4222">
     <span class='ocr_line' id='line_1_38' title="bbox 0 0 1190 4222; baseline 0 3"><span class='ocrx_word' id='word_1_239' title='bbox 0 0 1190 4222; x_wconf 95' lang='lat' dir='ltr'><strong> </strong></span> 
     </span>
    </p>
   </div>
  </div>
 </body>
</html>
