2370 4222
132 511 210 583 tur,
252 484 444 567 licuerit.⁸
478 472 530 567 ln
568 497 655 595 ipsa
690 495 849 568 historia
890 491 1085 567 tradenda·

131 617 219 665 cum
258 618 340 664 non
370 615 530 690 possem
561 619 635 689 per
675 618 759 684 eos,
801 590 1074 688 quibus'ope-
1103 670 1105 674 ‚

26 706 30 711 '
130 712 212 762 ram
252 689 401 779 darem,
453 693 649 769 annalium
697 697 878 769 catenatis
913 688 1078 765 nexibus
1167 722 1171 737 ·

129 790 353 877 inhaerere,
411 794 613 886 essentque
666 815 795 864 rerum
849 787 1081 865 memorabi·
1138 864 1147 880 ‚

27 912 30 919 ·
115 888 227 959 'lium
258 884 446 980 quaedam
485 891 624 981 classes
661 889 970 965 constituendaer
1015 909 1092 957 cu-.
1141 904 1146 919 ·

132 991 209 1058 ravi
233 1008 319 1055 nou
342 978 479 1077 modo,
512 988 555 1060 ut¹
585 990 658 1064 hae
685 982 813 1062 essent
842 1012 958 1082 quam
982 982 1081 1079 pauff

34 1158 43 1179 Ι,
134 1086 322 1171 cissimae,
361 1085 467 1179 quod
505 1091 625 1159 etiam·
653 1087 838 1160 suadebat
867 1088 1083 1182 plerorum-

135 1204 211 1276 que
242 1197 416 1261 actorum
447 1200 486 1254 et
515 1185 718 1258 hominum
746 1189 954 1283 insignium
982 1204 1083 1254 sum·

23 1358 26 1365 ¹
125 1278 198 1350 'ma
220 1282 321 1351 inter
348 1279 606 1374 se''arlfinitas;
638 1309 772 1357 verum
794 1283 942 1356 tabulas
971 1278 1084 1376 pree-

134 1379 240 1450 terea
265 1378 557 1474 chronologicas
592 1380 738 1470 addidi,
782 1401 825 1452 ut
856 1400 895 1452 et
926 1400 1082 1451 accura·
1169 1429 1176 1444 ,

37 1542 57 1553 ,Ν
136 1478 211 1546 tior
248 1472 470 1571 temporum
498 1476 765 1573 factorumque
806 1482 990 1549 continue
1028 1498 1086 1546 se·

53 1596 62 1619 ·
136 1577 335 1669 quentium
365 1574 513 1647 notatio
546 1575 874 1653 studiosis'huius
903 1575 1087 1665 historiae

27 1736 32 1751 .
89 1704 93 1719 ¹
138 1696 294 1767 semper
320 1676 416 1744 'ante
447 1675 582 1754 oculos
608 1693 838 1762 versaretur,
886 1691 924 1743 et
952 1669 1088 1741 eadem

109 1774 178 1841 xin
221 1770 442 1867 repetendis
494 1778 680 1849 memoria
727 1776 841 1871 gestis
888 1769 1089 1849 nobiliori·
1123 1772 1127 1778 ’

58 1870 71 1957 j
135 1869 207 1940 bus
225 1871 281 1940 uti
301 1889 473 1964 possent.
534 1950 537 1956 A

236 1967 313 2040 Sed
360 1968 453 2062 quid
499 1982 572 2068 ego
617 1970 717 2058 haec
762 1988 865 2044 'erut
906 1963 1088 2053 edissero,
1168 1985 1176 2042 ’.

97 2086 103 2103 “
139 2090 215 2137 vra
259 2090 569 2158 venusinus,
618 2073 686 2166 qui
728 2087 767 2139 et
811 2067 880 2140 has
925 2065 1091 2134 instituti

141 2167 218 2234 mei
273 2168 468 2256 rationes,
532 2162 576 2238 et'
622 2168 821 2261 reliquas,
879 2162 1092 2254 eademque
1122 2196 1162 2253 Q

10 2356 17 2375 .
64 2318 71 2331 .,
143 2263 354 2353 celeritate,
388 2289 487 2358 quae
516 2266 578 2338 vel
607 2263 810 2362 probanda
839 2263 983 2332 sintin
1014 2258 1094 2328 hoc
1152 2272 1158 2279 ·

141 2359 298 2447 libello,
362 2365 424 2434 vel
482 2359 826 2462 reprehendenda,
876 2355 1095 2452 intelliges?

142 2456 224 2550 Ego
265 2478 356 2526 vero
400 2458 541 2551 fateor,
584 2462 678 2533 mihi
720 2483 803 2530 non
841 2475 919 2530 tam
958 2455 1007 2527 de
1044 2476 1093 2524 eo
1174 2524 1178 2535 ,

145 2552 333 2639 dicendi„
366 2577 482 2645 quam
522 2552 633 2629 Tuo
661 2559 881 2630 suavissimo
923 2550 1096 2651 alloquio

144 2651 304 2747 publice
340 2649 494 2723 fruendi
525 2655 627 2727 hanc
660 2658 907 2745 occasionem
945 2651 1104 2744 quaesi-0
1165 2732 1168 2737 Ι

146 2771 224 2821 tam
265 2773 359 2822 esse.
425 2753 552 2843 Quem
589 2758 779 2823 annorum
830 2775 913 2819 non
947 2758 1096 2844 pauco-

146 2834 255 2938 rum,
283 2850 476 2942 coelique
518 2838 560 2929 [et
604 2850 683 2920 loci
729 2848 926 2919 intervalla
970 2870 994 2917 a
1028 2864 1109 2934 Tu,-

113 3000 115 3005 ι
148 2951 360 3042 ceterisque
397 2944 617 3020 fautoribus
659 2962 697 3017 et
729 2948 868 3035 amicis
907 2949 1002 3018 meis
1055 2947 1098 3015 in
1134 3026 1140 3041 ἱ

147 3047 214 3116 illa
255 3046 367 3116 beata
402 3047 575 3141 mihique
611 3064 813 3140 peramara
842 3047 997 3142 Lipsica
1036 3067 1099 3115 ur-
1177 3087 1180 3093 ·

148 3141 214 3232 be,
267 3144 550 3232 abstraxerunt,
607 3147 642 3214 ei
685 3161 855 3217 veterem
907 3167 995 3238 erga
1039 3166 1130 3221 'rra⁴

149 3240 429 3313 observantiam
470 3261 508 3314 et
532 3246 717 3337 pietatem
758 3266 840 3313 non
877 3244 1004 3314 solum
1042 3230 1121 3321 ἰή·ἱ

150 3357 293 3434 tegram
334 3345 536 3429 mansisse,
573 3339 640 3412 sed
676 3341 849 3435 plurimis
892 3344 1006 3412 etiam
1042 3340 1100 3406 in·
1140 3402 1173 3418 „

152 3441 353 3527 crementis
410 3455 585 3531 auctam,
642 3438 720 3509 hoc
781 3460 940 3532 quoque
996 3436 1126 3520 loco,-

151 3533 325 3629 profiteri
364 3535 570 3633 aliquando
615 3535 850 3607 solemnibus
890 3529 1014 3606 verbis
1055 3530 1101 3599 lir
1143 3544 1173 3573 '²

153 3643 248 3705 ceat.
319 3636 489 3707 Fuerunt
532 3632 688 3727 quidem
735 3631 878 3702 abeo
926 3649 1101 3721 tempore

1009 3747 1110 3794 sem·
