2370 4222
107 308 179 393 246
412 326 594 376 rrnsonvs
618 326 763 393 overas

529 519 561 619 s·
600 524 643 596 v.
738 476 744 487 ’

117 688 260 762 uenam
291 688 339 761 ab
369 712 413 759 eo
438 636 822 859 &itim'iiium
882 684 1088 787 Philippus

501 810 609 856 euno
676 805 734 855 oa,

201 958 350 1026 Fuerunt
363 984 441 1026 sane
450 956 496 1025 {in
518 980 558 1025 eo
574 959 740 1046 permulta
761 968 796 1024 et
810 959 971 1047 ingentia
989 961 1089 1039 bona,

120 1043 240 1130 quibus
262 1045 305 1109 ad
326 1069 379 1110 res
400 1068 547 1121 summas
565 1042 781 1131 perficiendas
803 1045 855 1108 uti
865 1055 1024 1143 -possets
1046 1053 1090 1113 in

119 1133 250 1211 genium
271 1129 500 1211 laetissimum,
519 1133 690 1195 doetrinae
711 1128 809 1215 eopia
832 1127 995 1217 insignis,
1017 1138 1092 1198 veri

121 1215 343 1302 cognoscendi
371 1225 406 1279 et
429 1213 622 1305 publicandi
649 1212 796 1279 studium
824 1219 1019 1292 eximium,
1047 1222 1091 1284 u

121 1299 233 1364 borum
255 1300 414 1386 patientia
441 1311 475 1364 et
496 1302 684 1366 constantia
703 1296 843 1372 invicta,
871 1303 1014 1367 aramus
1040 1326 1091 1393 ge·

122 1406 271 1456 nerosus,
288 1389 400 1467 pietas
420 1385 456 1448 in
474 1385 587 1449 Deum
607 1380 797 1461 certissima,
815 1386 1021 1471 eloquentia
1039 1411 1091 1453 au·

122 1477 211 1545 tem,
238 1479 377 1535 naturae
405 1468 517 1557 potius
544 1480 578 1533 et
599 1465 718 1540 animi,
747 1487 850 1553 quam
882 1472 973 1537 artis
1006 1470 1089 1553 filia,-

124 1552 184 1615 etsi
207 1552 358 1617 nonnihil
378 1555 462 1635 labis
482 1553 695 1640 adspergeret
719 1554 935 1625 vehementia
963 1560 1088 1633 etita·

125 1641 245 1700 cundia
272 1664 396 1704 morum
428 1656 527 1727 atque
551 1639 728 1714 dictionis,
755 1658 841 1720 qnae
869 1662 956 1705 eum
989 1665 1095 1731 saepe.

127 1722 306 1807 agitabant.
348 1724 448 1790 Certe
475 1733 551 1812 post
575 1720 752 1808 Apostolos
778 1720 893 1786 utilior
922 1726 977 1791 rei
1005 1725 1090 1795 cln'i·

126 1804 250 1869 stianae
273 1809 478 1897 omninoque
497 1808 607 1897 generi
630 1806 777 1869 humano
800 1803 929 1871 doctor
951 1822 991 1881 et
1014 1812 1091 1877 seri-

127 1899 207 1975 ptor
228 1894 400 1956 surrexisse
422 1916 490 1957 non
512 1893 659 1955 ridetur:
689 1912 789 1973 neque
814 1890 867 1954 ille
889 1896 1033 1963 toruum
1051 1898 1088 1960 de

127 1977 285 2057 religione
307 1993 341 2039 et
359 1981 488 2060 pietate
508 1972 684 2040 christiana
705 1978 933 2051 restauranda,
966 1982 1012 2047 ab
1035 1986 1087 2049 ho·

128 2064 247 2155 mipum
276 2066 465 2126 commentis
496 2070 530 2122 et
557 2062 791 2140 superstitione
815 2062 1020 2141 liberanda,
1050 2066 1087 2129 de

131 2144 339 2208 emendanda
365 2149 518 2222 ecclesio,
548 2146 636 2208 cultu
663 2146 798 2222 divino,
829 2156 863 2209 et
891 2150 1084 2217 doctoribus

130 2226 315 2293 christianis
339 2231 381 2311 ad
403 2223 576 2320 pristinam
600 2229 781 2315 puritatem
800 2231 1012 2300 reducendis
1035 2259 1086 2325 op

128 2313 211 2397 time
230 2313 382 2391 meritus;
412 2316 468 2380 sed
494 2315 529 2381 in
551 2336 591 2378 eo
610 2312 711 2376 etiam
730 2336 869 2401 magnus
889 2326 926 2380 et
945 2318 1089 2399 immor·

127 2399 212 2477 talis,
235 2398 327 2485 quod
345 2402 517 2493 Poutifieii,
526 2402 657 2483 imperii
675 2402 852 2464 terribilem
874 2402 1002 2469 motem
1022 2408 1091 2492 pri·

130 2510 200 2550 mus
219 2485 368 2551 subruere
390 2487 522 2576 coepit3
540 2491 667 2568 primus
686 2482 894 2549 Christianos
918 2509 939 2569 e
963 2498 1025 2553 tot
1045 2514 1090 2555 se

130 2568 282 2633 culorum
302 2572 457 2637 servitute
478 2577 514 2639 in
533 2575 718 2636 libertatem
736 2568 930 2655 vindicavit3
951 2575 1091 2654 Princi-

128 2657 226 2740 pibus
245 2659 318 2721 iura
343 2655 400 2719 diu
430 2679 449 2718 a
477 2656 578 2720 Clero
606 2672 721 2739 erepta
747 2652 907 2730 restituit3
937 2654 1092 2749 denique

130 2750 265 2824 praeter
290 2739 369 2815 alia,
398 2743 583 2806 libertatem
610 2745 810 2826 ingeniorum
834 2737 932 2805 bonis
958 2743 1092 2809 litteris

130 2823 276 2887 reddidit
293 2829 336 2901 a),
386 2826 525 2891 Sosium
561 2826 715 2891 laborum
745 2821 936 2920 prinoipem
965 2824 1094 2897 habuit

94 2950 97 2955 -
131 2912 327 2994 Philippum
344 2904 635 2989 Metanehchomm,
655 2909 853 2982 Palatinum,
874 2927 1093 2993 grossarum,

155 3005 245 3057 ostes
286 3015 455 3059 sacrarum
487 2997 670 3061 litterarum
708 2990 743 3055 in
775 2990 879 3055 Acad.
897 2991 1092 3103 ,Viteb'erg

129 3015 367 3158 i'roiessorem.
411 3079 477 3164 Qui
499 3103 621 3165 magno
640 3081 789 3158 iugenio,
807 3078 963 3165 doetrirsa
981 3081 1095 3149 admi·

130 3159 235 3237 rabili,
256 3165 442 3248 eloquentia
454 3167 652 3239 suavissima,
672 3167 783 3226 arsimo
806 3162 946 3250 optimo,
967 3165 1093 3235 haita-

130 3248 179 3309 tis
200 3266 239 3306 ae
260 3253 355 3328 pacis
381 3248 637 3323 studiosissimo,
664 3248 828 3332 laboribus
848 3243 1018 3333 diuturnis
1054 3264 1091 3318 et

131 3329 346 3407 innnumeris,
364 3337 501 3418 scriptis
516 3334 619 3398 'etiarn
643 3352 745 3417 quam
765 3330 926 3419 plurimis,
947 3330 1094 3414 immor-

131 3412 257 3477 talitate
280 3413 473 3505 dignissimis
481 3418 493 3491 ,'
519 3430 557 3480 ut
577 3423 716 3500 August.
745 3412 974 3506 demersione,
1002 3419 1092 3483 eius·

133 3522 197 3583 que
219 3501 396 3583 Apologia,
415 3506 517 3566 Iocis
539 3502 754 3588 Theologicis,
776 3502 1031 3569 Commentariis
1052 3510 1092 3571 irs

135 3589 258 3667 Script.
287 3590 321 3649 S.
345 3586 563 3672 Compendiis·
583 3590 760 3653 ‚doctrinae
782 3591 1031 3672 philosophicae
1055 3603 1092 3653 et

133 3676 317 3746 historicae,
342 3671 407 3734 hoc
430 3683 625 3734 consecutus
648 3685 706 3750 est,
726 3684 763 3735 ut
783 3695 852 3739 non
868 3671 971 3737 modo
991 3694 1091 3763 prae·

132 3757 249 3845 cipuus
264 3757 462 3822 litterarum
490 3775 549 3839 per
579 3754 797 3822 Germaniam
826 3766 932 3821 stator
962 3756 1090 3826 merito

1022 3863 1089 3905 sno
