2340 4244
139 188 186 260 26
363 215 869 291 ennarant'sso.

513 471 749 587 §.xxn-
811 494 816 509 ·

387 620 689 725 reasons
732 655 830 777 ω.
877 615 938 737 ’,

135 826 140 835 ’
220 834 329 898 Tertia
350 835 509 898 Periodus
531 852 549 895 a
575 832 689 897 Caroli
712 838 903 909 Mactata,
932 831 1000 899 hoc
1023 820 1090 915 eit,¹

132 918 174 987 ab
199 938 287 982 anno
317 941 351 1006 p.
383 916 423 981 C.
454 918 497 981 N.
526 915 651 981 DCCC
685 917 728 980 ad
756 919 934 983 Lutlserurn
967 941 1084 1006 usque,

16 1040 20 1056 ι
121 1016 188 1066 'seu
219 1024 347 1066 annum
378 1001 556 1064 bevn.
586 1001 791 1087 pertingens,
827 1007 1018 1088 religionem
1049 1022 1084 1071 et

128 1090 295 1152 ecclesiam
315 1089 529 1153 christianam
549 1110 686 1170 prorsus
700 1091 942 1171 pessundatam,
965 1086 1084 1154 etsere

127 1166 172 1236 ab
188 1176 328 1240 arbitrio
341 1176 519 1237 Romanor.
564 1173 765 1260 Pontificum
782 1178 975 1257 pendentem
989 1195 1082 1277 spec·

127 1256 218 1319 tavit.
262 1257 448 1325 Restituere
476 1253 610 1343 quidem
633 1256 711 1323 huic
730 1259 886 1345 religioni
901 1264 1081 1344 pristinam

127 1344 226 1413 decess
253 1340 395 1440 parabat
425 1343 561 1408 Carolus
587 1346 637 1407 M.
665 1342 722 1407 sed
749 1342 849 1407 nimis
876 1343 1079 1408 inveteratae

126 1424 352 1512 superstitioni
412 1425 488 1490 rofli
509 1425 615 1491 andae
647 1425 731 1490 vires
764 1426 834 1491 eius
850 1448 1079 1514 nequaquam

124 1533 221 1597 pares
247 1510 350 1575 fuere.
382 1448 555 1576 diinsdem
577 1511 689 1598 potius
709 1510 890 1596 religionis,
916 1512 1080 1576 nunc'ia·

124 1599 252 1661 tissime
278 1622 339 1682 per
366 1594 478 1662 orbern
498 1611 725 1681 propagatae,
752 1597 891 1660 nomine
919 1592 969 1657 usi
999 1607 1079 1660 sunt

124 1678 292 1769 Episcopi
305 1687 451 1748 Romani
470 1682 512 1745 ad
528 1680 751 1745 invadendum
771 1700 842 1743 non
860 1676 1077 1746 modo'eecte-

121 1773 303 1846 siasticum,
326 1767 383 1830 sed
405 1768 505 1829 etiam
526 1769 626 1830 civile
647 1768 683 1828 in
701 1766 909 1830 Christianos
921 1762 1077 1829 occiden-

113 1844 215 1924 tales,
234 1854 269 1933 (a
293 1850 412 1937 quibus
434 1853 608 1915 orientalis
628 1852 765 1914 ecclesia
785 1848 852 1913 iam
874 1846 1005 1935 penitus
1027 1848 1077 1914 di-

120 1935 187 1999 visa
209 1938 486 2025 es't‚)·imperinm:
512 1933 612 2024 idque
634 1935 758 2023 partim
782 1930 932 1999 confictis
951 1936 1074 2023 Decre-

121 2024 261 2103 ialibus,
310 2025 532 2089 Conciliorum
572 2018 789 2094 auctoritate,
836 2024 1074 2087 Monachorum

121 2106 330 2193 aliorumque
352 2102 549 2173 Clericorum
576 2102 868 2170 innumerabilium
889 2126 967 2190 ope;
997 2128 1073 2191 par·

31 2184 34 2198 ¹
118 2191 182 2261 tim
202 2198 318 2276 poenis
338 2190 558 2280 capitalibus‚'
573 2182 840 2278 expeditionibus
862 2192 1017 2255 cruciatis
1034 2191 1072 2256 in

118 2274 435 2357 Muhammadanos,
463 2291 497 2343 et
518 2279 553 2343 in
574 2279 664 2364 ipsos
684 2272 892 2338 Christianos
912 2272 1074 2342 liberioris

43 2370 45 2374 '
118 2359 258 2445 spiritus·
272 2363 452 2450 imperatis,
472 2367 705 2451 Inquisitione,
729 2364 948 2440 arsathcmate,
970 2364 1071 2427 irater-

117 2451 218 2523 dicto,
241 2457 358 2537 totque
382 2449 450 2514 aliis
471 2448 654 2535 tyrannidis
669 2465 746 2507 suae
762 2444 940 2532 praesidiis,
959 2440 1072 2512 firma-

115 2540 207 2596 runt.
249 2532 300 2595 lta
322 2532 450 2598 factum
471 2543 534 2609 est,
563 2542 601 2609 ut
621 2532 735 2615 religio
761 2530 882 2597 Christ.
904 2527 1001 2596 unice
1023 2538 1070 2598 ad

116 2641 193 2682 usus
217 2615 313 2683 'Cleri
324 2665 326 2669 -
342 2622 654 2698 accommodantur,-
695 2640 803 2707 neque
830 2626 963 2680 tantum
992 2616 1069 2681 insi⁴

94 2696 237 2791 ¹gnioris
257 2702 299 2768 ad
317 2702 530 2770 'Christianos
551 2702 698 2771 utilitatis
717 2708 841 2787 expers,
866 2699 924 2762 sed
950 2700 1067 2766 iisdem

115 2788 217 2850 etiam
236 2788 453 2856 vehementer
473 2797 576 2858 esoxia
595 2800 688 2867 esset.
734 2785 846 2869 Quam
870 2786 1069 2853 Scholastici

9 2914 16 2923 ⁸
108 2871 249 2955 ,quidem
281 2873 412 2941 doctius
437 2886 471 2940 et
500 2876 687 2943 accuratius
716 2868 889 2935 tractaturi
909 2870 1067 2937 videbun.

100 2963 185 3026 ·tur;
215 2956 272 3019 sed
295 2978 407 3021 revera
436 2960 609 3024 subtilibus
638 2950 915 3043 disputationibus
934 2967 969 3020 et
989 2954 1065 3020 rixis

11 3108 14 3115 Ι
113 3035 344 3103 obscurarunt.
389 3042 495 3108 lidem
516 3065 585 3108 non
607 3062 732 3128 paucos
753 3058 875 3100 naevos
892 3037 969 3105 huic
990 3040 1065 3104 reli-

111 3117 200 3204 gioni
225 3120 385 3188 subnatos
416 3124 457 3194 de
487 3125 868 3201 tramsubstantiationes
905 3126 948 3189 do
979 3147 1062 3191 com·

112 3206 260 3269 muuione
286 3209 345 3270 sub
370 3232 450 3288 uera,
488 3217 530 3278 de
557 3233 682 3299 septem
708 3213 933 3287 sacramentis,
949 3236 954 3246 ¹
971 3210 1061 3288 alios,

40 3322 47 3338 ι
111 3287 160 3350 vel
182 3288 243 3387 ipsi
264 3289 365 3368 enixi,
393 3296 444 3358 vel
463 3309 597 3380 stre-nuc
618 3294 716 3362 tutati
738 3303 823 3359 sunt.
867 3293 1062 3360 Melioribus

110 3373 263 3458 auspiciis
285 3373 326 3435 ad
346 3375 536 3458 religionem
555 3381 679 3447 Christ.
701 3376 946 3445 emendandam
964 3382 1060 3446 Wat-
1094 3454 1102 3461 ‚

109 3459 228 3530 dereses,
258 3456 468 3548 Wiclefitae‚
498 3477 531 3528 et
559 3470 728 3532 Hennae
745 3475 967 3543 accesserunt3
1001 3464 1060 3529 sed

110 3542 245 3606 terribili
272 3542 361 3609 Cleri
385 3551 533 3630 potentia
553 3551 650 3616 facile
670 3545 817 3635 oppressi
839 3558 926 3616 sunt·
968 3550 1060 3614 Νοῦ-

9 3626 23 3641 *
108 3625 189 3720 nibil
217 3639 252 3693 et
281 3628 376 3697 simili
404 3630 473 3698 fere
508 3635 643 3702 consilio
672 3630 815 3721 Mystici
828 3642 832 3649 '
847 3654 942 3720 egere
966 3631 1059 3698 'insti-

796 3735 801 3747 ·
924 3726 1060 3783 tuerunt
