2370 4222
107 250 179 326 27⁶
401 272 585 322 runrours
611 271 761 341 orarius

110 443 290 511 troversios
319 445 523 516 tractarunt,
555 437 592 501 in
622 436 673 502 liis
705 435 885 525 quasdam
920 437 1074 513 merline,

111 523 288 593 nonnullas
307 519 408 591 etiarn
417 517 561 620 fictilem
588 520 644 585 sed
689 525 847 608 lerasque
865 531 993 585 tamen
1012 544 1076 584 uon

112 613 181 677 sine
204 606 313 692 aliquo¹
337 603 512 692 religionis,
534 618 624 673 certe
645 548 864 693 ticologicae
888 605 1076 677 doctrinae,

111 696 234 761 fructu.
276 688 496 756 Dissidiorum
524 691 660 780 quidem
687 691 775 755 iuter
799 713 866 754 eos
897 701 1076 754 enatorum

115 790 149 843 et
177 799 311 841 caussae
336 773 450 839 variae
470 776 620 848 fuerunt,
649 787 687 839 ut
712 797 784 839 uon
811 773 885 837 nisi
917 797 987 861 per
1015 774 1077 835 viru

115 859 309 929 Christianis
328 858 448 923 merito
473 857 654 925 cavendam
680 856 776 933 vitari
802 880 936 922 omnes
957 857 1079 944 potuis·

115 958 202 1020 seut3
224 956 258 1008 et
276 959 410 1005 everacro
427 965 497 1007 non
520 945 631 1011 iidem.
673 949 787 1028 Neque
802 963 892 1005 vero
914 940 1079 1029 paecipua

116 1033 286 1116 religionis
307 1028 565 1091 Protestantium
588 1032 704 1112 capita
730 1029 782 1091 his
806 1025 932 1090 litibus
952 1042 1080 1090 mutata

41 1144 46 1155 ¹
118 1125 211 1190 suut3
235 1111 292 1177 sed
314 1116 496 1197 quaesitum
514 1112 643 1199 potius,
671 1110 878 1200 quod'ipaos
901 1113 1008 1176 unice
1029 1111 1079 1173 de·

120 1200 234 1271 cahat,
261 1222 417 1283 quaenam
443 1196 478 1261 in
502 1218 620 1259 eorum
646 1195 837 1284 cognitione
865 1195 1080 1277 accuratiore

121 1285 527 1366 emadunda'supersint,
557 1291 592 1344 et
614 1277 869 1366 quibusmodis
892 1277 965 1344 hoe
988 1301 1081 1367 prae·

112 1368 198 1451 ,stari
216 1378 317 1453 queat
335 1367 525 1432 rectissime.
560 1365 771 1433 Intellectum
789 1362 897 1427 etiam
914 1376 977 1440 est,
1000 1360 1088 1426 mul--

120 1463 159 1517 to
182 1457 288 1515 minus
309 1454 429 1517 m'olum
448 1474 516 1515 esse
529 1448 736 1535 dissensionis
748 1447 960 1526 huiusmodi,
980 1468 1082 1534 quam

123 1537 315 1602 servitutem
343 1561 382 1603 ex
405 1536 502 1601 unius
522 1545 581 1597 aut
605 1555 790 1619 paucorum
810 1530 1007 1596 doctorum
1029 1526 1082 1595 de·

124 1621 232 1697 cretis,
250 1619 369 1707 quibus
389 1618 545 1718 refragari
566 1641 635 1682 non
653 1617 758 1691 liceat,
776 1628 991 1681 nascentem.
1034 1616 1082 1678 lu-

125 1706 414 1788 ter-Euungelicos
438 1703 573 1792 quidem
601 1713 676 1789 post
700 1700 768 1765 fata
791 1704 953 1777 beheri,
984 1700 1032 1765 ab
1056 1723 1082 1763 a.

123 1790 343 1854 MDXLVlll.
364 1791 488 1857 multae
515 1792 691 1854 intestinae
718 1794 971 1853 controversiae
994 1806 1082 1849 exor-

125 1884 178 1935 tae
200 1884 294 1935 sunt:
322 1878 444 1960 partim
466 1876 557 1962 quod
581 1870 740 1956 Theologi
762 1872 928 1936 Saxoniae
950 1872 1084 1935 Electo-

125 1955 202 2018 ralis
222 1979 240 2016 e
263 1956 424 2024 Misnicae
443 1960 529 2021 iusto
548 1957 710 2020 faciliores
731 1979 805 2042 erga
826 1954 1034 2020 Pontificios
1053 1963 1084 2017 et

126 2038 340 2101 Reformatos
363 2041 568 2115 viderentur;
593 2038 716 2124 partiru
739 2040 835 2127 ¹quod
863 2042 933 2104 dux
963 2061 1082 2103 eorum

129 2125 363 2187 Melanchtlron
377 2146 454 2188 cum
473 2122 637 2208 discipulis
649 2123 715 2187 suis
730 2126 774 2188 ad
792 2125 977 2187 sententias
992 2146 1084 2210 quae

130 2207 208 2269 dam
239 2207 349 2271 minus
380 2206 567 2293 acerbiores
600 2207 751 2296 delapsus
782 2210 989 2272 crederetur.
1044 2207 1083 2271 lli

128 2290 265 2355 fuerunt
293 2290 403 2358 fontes
424 2296 680 2359 Irnerimisticae
699 2317 756 2358 seu
775 2292 1083 2378 Adiuplroristicae,

132 2380 394 2463 Synergisticue,
420 2378 539 2443 deinde
567 2383 687 2464 Georg.
710 2384 869 2455 Maioris,
900 2383 1085 2468 Cryptoco·

132 2466 320 2528 luinisticae
332 2462 512 2551 utriusque,
534 2476 569 2529 et
582 2466 720 2531 aliarum
732 2466 849 2528 litium.
881 2466 954 2529 Eae
969 2488 1087 2554 quam·

128 2571 236 2634 quam
271 2546 460 2612 invidiosius
495 2562 534 2617 et
558 2547 690 2623 durius,
721 2548 811 2613 facto
837 2549 992 2634 inprimis
1026 2570 1088 2637 per

134 2635 280 2697 Plocium
301 2632 406 2710 initio,
426 2634 566 2719 agitatae
585 2645 681 2711 sunt‚·
702 2644 815 2695 tamen
832 2633 1015 2696 nonnullae
1037 2656 1088 2697 ea-

133 2739 210 2797 rum
240 2715 424 2793 Ecclesiae,
460 2740 577 2781 omnes
609 2716 793 2804 posteritati
822 2716 1026 2801 profuerunt
1046 2725 1087 2795 a).

137 2800 267 2887 Sopivit
308 2800 455 2889 lerasqu'e
474 2801 545 2864 lere
569 2807 722 2869 Formula
746 2800 952 2875 Concordiae,
975 2809 1087 2886 Augu·

136 2890 202 2952 sti.
249 2823 411 2949 Elictoris
454 2885 633 2964 Saxoniae,
682 2886 832 2970 auspiciis
878 2883 1003 2971 scripta
1057 2910 1092 2959 a,

138 2968 368 3033 MDLXXVll.
399 2969 517 3033 eadem
539 2983 649 3034 autem
669 2972 772 3056 magis
792 2966 892 3033 eliam
911 2971 1091 3059 Euangeli-

138 3072 197 3115 cos
215 3074 234 3114 a
255 3051 458 3118 Reformatis
478 3054 625 3120 distraxit
647 3057 686 3136 l).
1085 3054 1090 3061 ’

173 3197 205 3261 a)
223 3203 267 3253 De
286 3202 339 3264 his,
354 3202 495 3258 Fluciunis
513 3207 590 3270 item,
607 3213 637 3259 et
651 3214 736 3261 antea
755 3202 934 3271 Odandrinia,
947 3204 1089 3260 Sclaveni·-

122 3331 126 3340 ῃ
163 3294 174 3337 5
199 3267 353 3340 fridunis,
378 3275 493 3343 aliisque
517 3276 683 3340 minoribus,
708 3278 763 3328 late
788 3276 927 3329 Walcltiua
950 3283 1035 3343 pater
1059 3277 1090 3328 in

208 3338 282 3417 illst.
302 3346 485 3396 controversa.
505 3345 535 3395 iu
555 3344 662 3397 Euclea.
680 3344 794 3404 Luther,
813 3353 954 3412 gestarum
972 3345 1089 3412 popula·

155 3446 158 3451 .
208 3420 235 3456 ri
252 3420 379 3458 sermone
397 3411 482 3472 editu,
501 3412 535 3464 T.
552 3413 572 3467 1.
603 3412 749 3465 Plancln'us
766 3414 796 3464 iu
813 3415 884 3474 Hist.
906 3411 1005 3464 Theol.
1024 3428 1089 3481 pro·

208 3479 321 3527 testant.
338 3471 482 3528 Loesctm‘
501 3480 573 3537 rrin.
595 3488 719 3534 mutuum
741 3483 816 3533 inter
831 3481 963 3549 Evangel
987 3488 1020 3532 et
1036 3480 1090 3535 Re·

155 3540 180 3597 ’,
208 3541 432 3661 §effigerhnutii
455 3546 528 3599 Hist.
554 3549 654 3609 oculu,
679 3556 710 3602 et
732 3549 879 3609 haeresiul.
916 3547 1038 3602 Burnus
1060 3551 1090 3602 iu

177 3709 206 3780 t)
223 3708 293 3765 aar.
311 3708 477 3782 Hospr'm'uns'
492 3712 625 3774 etheus.
643 3696 753 3773 Hutim'
776 3734 861 3789 opera
877 3718 932 3775 ribi
950 3719 1095 3839 tspprnituz

1063 3802 1080 3840 e
