2370 4222
729 329 745 371 ἢ

53 586 62 597 ·
155 558 322 632 quorum
356 552 486 630 partes
512 536 696 631 ,periodis
715 536 997 633 ‚definiverann
1033 545 1102 618 has

129 630 283 709 xtarnen
333 658 462 714 rursus
513 635 563 707 ad
605 637 837 731 seculorum.
861 638 1101 715 destributio-
1144 678 1147 683 ·

56 782 91 799 ..
152 758 244 805 nem
289 752 523 806 revocarent.
597 736 648 806 At
690 736 803 824 mihi,
858 741 932 810 nisi
985 734 1098 817 vehe-

144 850 302 911 ,menter
335 831 468 920 lallor,
488 832 578 903 silla
614 855 688 926 per
731 858 876 928 paucas
915 830 1098 931 peiiodos

152 929 362 1024 descriptio
403 933 517 1001 etiarn
547 932 856 1026 cognoscendi„
881 933 1099 1025 custodien-¹

152 1027 211 1115 di,
260 1027 532 1123 iudicandique
566 1026 752 1103 .facultati
776 1081 779 1092 ·
805 1032 929 1104 multo
980 1039 1098 1130 magis

56 1192 60 1201 ,
147 1123 276 1197 favere
291 1127 469 1208 uidetur.
534 1123 719 1197 Eamdem
750 1130 1004 1223 simplicitatis
1039 1134 1097 1203 hi·
1179 1176 1184 1185 ·

50 1295 54 1305 ,
149 1227 312 1295 storicae
362 1224 488 1318 legem
540 1223 769 1311 audiendam
808 1226 904 1297 mihi
954 1229 1097 1304 credidi

107 1398 115 1412 p
150 1323 206 1401 in·
228 1338 445 1415 perpetuae
480 1320 689 1409 cuiusdam
716 1326 945 1409 narrationis
981 1349 1097 1401 cursu

48 1468 51 1476 ·
103 1478 109 1489 ,
149 1415 331 1489 tenendo.
394 1420 562 1504 Mixtum
607 1416 742 1509 illud
768 1444 817 1503 ex
863 1425 1095 1513 narratione,
1132 1425 1172 1515 Ἰ-

50 1580 56 1594 ,
147 1513 438 1610 observatione,
508 1520 730 1611 excerptis,
798 1517 1094 1610 declamatione,

57 1622 61 1631 '
134 1697 137 1701 ¹
144 1616 345 1710 ingeniosa
389 1613 632 1708 coniectandi
649 1670 663 1705 ·.
679 1612 959 1707 foecunditate,
1014 1620 1105 1705 imo¹

145 1728 184 1783 et
223 1713 378 1792 minutis
408 1712 607 1805 particulis
646 1713 794 1801 multis,
838 1715 944 1783 velut
982 1713 1092 1805 disie-

70 1882 73 1889 ,
143 1806 196 1880 cti
230 1811 452 1902 corpusculi
483 1807 680 1898 membris,
715 1810 896 1903 historiae
926 1811 1091 1898 scriben-

143 1906 216 1978 dae
248 1930 389 2004 genus,
428 1907 551 2001 quod,
591 1911 747 2001 sapiens
787 1924 952 1983 vetustas
984 1912 1090 2005 igno-

46 2029 53 2041 *
106 2026 109 2035 ·
141 2007 255 2093 ravit,
287 2004 426 2096 sedulo,
452 2005 549 2106 mihi.
584 2004 780 2079 vitandum
819 2005 931 2079 duxi:
976 2026 1090 2102 atque

142 2105 290 2175 utinam
319 2102 499 2174 feliciter!
536 2126 625 2174 curn
659 2104 757 2195 illud
793 2105 1006 2199 plurimum
1042 2104 1090 2177 ad

42 2252 48 2268 .
142 2201 485 2295 corrumpendam,
516 2199 717 2273 historiam
770 2203 928 2290 valere,
971 2204 1089 2295 plane

50 2348 53 2355 -
98 2350 104 2381 -‚
138 2322 368 2394 persuasum
402 2298 582 2373 habeam,
638 2302 772 2391 ltaque
811 2302 939 2369 etiam·
960 2299 1087 2373 fontes

57 2402 60 2406 ’
137 2400 388 2487 narrationis,
435 2420 532 2491 quos
574 2398 778 2468 monstrari
822 2400 865 2467 irt
884 2392 967 2467 ¹tali
1003 2397 1087 2481 bre,-

137 2491 257 2587 riario
302 2499 499 2590 aliquanto
526 2497 733 2566 curiosius
788 2499 986 2586 convenit,
1038 2498 1086 2568 ab
1150 2566 1153 2572 A

138 2596 244 2688 ipsa,
297 2597 435 2692 exiguo
483 2611 612 2665 tamen
650 2594 871 2682 intervallo,
924 2594 1083 2666 seiunxi.

47 2735 52 2753 ι
135 2694 183 2763 In
222 2692 398 2764 omnibus
439 2692 614 2764 brevitati
654 2691 799 2781 studui,
845 2715 934 2762 curn
970 2689 1084 2761 facile

134 2791 271 2863 liceret
299 2815 382 2863 esse
409 2793 571 2885 copioso
603 2806 641 2859 et
666 2788 825 2874 diser-to,
856 2790 1083 2881 praesertim

134 2890 176 2960 in
206 2888 321 2961 rebus
354 2890 511 2962 ultimae
533 2890 687 2959 aetatis.
741 2888 874 2956 Potest
902 2880 1005 2972 fieri,
1033 2891 1083 2958 'ut

131 2987 273 3069 multis,
306 2991 416 3062 iusto,
449 2987 601 3061 brevior
643 2982 762 3052 fuisse
808 2979 956 3069 videar3
1013 2985 1081 3056 sed
1158 3065 1160 3071 ,

73 3157 76 3161 ,
132 3106 222 3156 cum
261 3109 486 3184 magnarum
509 3103 656 3154 terum
704 3096 743 3149 et
785 3077 1080 3170 clarissimorum
1110 3114 1114 3125 ·

128 3179 333 3257 hominurn
367 3183 593 3255 memoriam
638 3199 720 3245 non
761 3177 874 3247 nimis
913 3181 1078 3252 tenuiter

127 3302 355 3375 persecutus
380 3285 468 3368 sim,
500 3275 686 3346 memoria
709 3272 964 3371 illaettigisse
987 3282 1076 3377 satis

24 3368 28 3376 ’
128 3398 219 3452 erat.
271 3380 431 3453 Habent
471 3378 586 3463 etiam
624 3393 918 3466 nonnumquam
957 3400 1076 3448 anno·
1163 3388 1168 3395 “

87 3533 90 3539 .
127 3481 310 3568 tationes,
357 3498 456 3570 quae
480 3468 659 3557 ,testibus
704 3471 913 3544 excitandis
953 3479 1076 3568 potis·

41 3647 43 3652 ,
93 3596 96 3607 ·
127 3578 266 3649 simum
300 3577 492 3660 serviunt,
541 3565 726 3661 quasdam
769 3574 877 3663 quasi
922 3570 1073 3657 dicendi
1153 3573 1165 3587 '

122 3685 234 3749 amas
249 3728 259 3763 ,
306 3696 401 3769 quas
433 3665 701 3769 prehendere,
750 3670 781 3740 si
815 3673 909 3745 tanti
948 3671 1073 3742 videa-

398 3780 408 3811 ‘
1000 3787 1073 3857 tur,
