2370 4222
10 1085 240 1217 Nihil
301 1134 428 1236 prope
496 1164 660 1215 eorum
694 1114 863 1214 facturus
928 1144 1053 1229 venio,

10 1273 411 1350 -wsnnsnssrns
472 1254 786 1342 EmRNESTl
846 1246 947 1346 ¹qua'e
1000 1250 1054 1320 fa-

104 1353 213 1423 ciunt
249 1349 388 1443 vulgo,
427 1351 493 1439 qui
536 1350 755 1419 illustrium
777 1355 946 1422 virorum
984 1371 1054 1418 no·

103 1450 208 1518 mina
242 1445 348 1515 libris
391 1448 469 1516 suis
505 1444 728 1516 inscribunc
761 1449 915 1545 Neque
952 1448 1055 1516 enim

15 1618 30 1637 Ι,
103 1571 160 1618 'ru
197 1542 440 1614 laudaturus
462 1541 632 1632 accedo,
682 1546 747 1636 qui
791 1547 880 1613 satis
925 1545 1053 1628 sciam,

10 1716 12 1721 ,
64 1640 67 1645 ’
104 1661 142 1714 et
190 1641 396 1730 aliorum,·
441 1659 479 1711 et
517 1647 611 1713 meis
657 1643 822 1712 maxime
867 1639 1055 1725 laudibus,

103 1765 159 1814 ru
204 1739 317 1829 facile
374 1749 527 1829 carere}
582 1742 797 1819 verissimas
855 1756 982 1809 autem
1031 1752 1054 1806 'a
1136 1730 1141 1745 ⁸

20 1892 25 1901 .
102 1856 208 1935 grata
264 1836 441 1908 adversus
495 1841 631 1909 merita
692 1862 795 1913 uva
850 1839 1099 1931 posterna-2-

62 1990 66 1996 ·
103 1956 141 2007 te
176 1951 410 2029 exspectare.
484 1936 560 2007 Sed
599 1960 730 2031 neque
776 1937 969 2030 vulgatam
1011 1935 1053 2003 in
1168 1946 1172 1955 '

19 2032 30 2107 .'
103 2035 168 2105 tali
214 2036 303 2105 loco
345 2031 629 2126 professionem
672 2032 777 2129 apud
830 2059 885 2106 un
931 2032 1065 2118 edam,=

60 2148 62 2153 '
103 2152 260 2247 prorsus
315 2129 515 2224 indignum
570 2156 653 2202 esse
686 2133 836 2204 'hunc-
866 2129 1053 2217 libellum,

37 2233 169 2322 aqui
207 2230 327 2300 oculis
367 2246 482 2300 'svis
535 2229 768 2303 subiiciatur
837 2230 934 2302 Etsi
953 2230 1080 2297 enimss

106 2351 152 2397 ex
203 2349 337 2396 eorum
398 2350 539 2422 genere
595 2346 673 2417 est,
739 2330 843 2422 qui
864 2324 1062 2398 tironibus·

66 2503 70 2529 ,
105 2420 349 2510 scribuntur3
404 2444 534 2496 tamen
581 2425 775 2520 dispicere
823 2443 861 2497 et
882 2422 1053 2494 indica·
1116 2465 1124 2479 -
1170 2424 1177 2449 ⁸

105 2543 216 2607 care,
278 2541 377 2609 quae
432 2525 480 2590 sit
530 2527 676 2617 optima
731 2521 1055 2605 instituendorum

105 2641 240 2690 eorum
276 2618 399 2707 1atio,
448 2640 530 2688 non
568 2640 624 2691 est
667 2608 845 2715 profecto
883 2621 957 2688 nisi
990 2639 1054 2686 eo·
1145 2685 1148 2692 .

103 2741 206 2805 rum,
246 2737 343 2830 quos
381 2716 562 2819 ingenio,
598 2717 773 2791 doctrina
812 2736 849 2788 et
885 2714 1054 2788 iudican·
1039 2734 1075 2787 -J
1146 2713 1150 2717 ’

106 2811 148 2884 di
192 2815 373 2918 acumine
423 2808 656 2885 excellentes
707 2834 813 2901 esse,
852 2813 947 2883 hoc
997 2827 1055 2882 est
1110 2898 1112 2902 Ι

41 2931 46 2943 ·
105 2937 199 2985 cvr
221 2934 336 3003 quam
370 2913 607 3005 simillimos,
632 2915 917 3007 agnoscimus.
959 2911 1056 2987 Eam

47 3060 51 3067 -
104 3009 151 3080 de
186 3009 264 3079 hoc
303 3007 489 3081 breviario
530 3015 763 3083 sententiam
802 3033 927 3083 rvsu
965 3032 1057 3080 cum

44 3197 51 3209 ι
104 3110 145 3178 in
173 3108 240 3177 illo
270 3106 507 3200 publicando
537 3112 715 3211 inprimis
745 3127 944 3203 spectem.
984 3130 1054 3201 pa·

103 3223 201 3292 tere,
242 3221 286 3274 ut
320 3229 436 3296 riui,
465 3230 636 3299 quonam
667 3206 856 3323 consilio,
892 3205 955 3278 vel
981 3228 1054 3298 po·

43 3382 46 3388 ,
95 3305 178 3399 'tius
208 3325 324 3395 quam
354 3301 537 3376 fortuito
539 3323 650 3375 natus
683 3309 747 3394 sit,
780 3303 974 3377 brevibus
991 3325 1055 3372 ex·

102 3423 262 3495 ponam.
659 3452 660 3455 ,

123 3495 308 3571 Anni
343 3517 433 3571 sunt
472 3502 617 3595 viginti,
669 3526 716 3572 ex
755 3524 833 3594 quo
870 3502 912 3569 in
947 3517 1054 3567 enar-

16 3630 20 3641 ·
102 3588 222 3668 randa
248 3596 479 3685 lectionibus
507 3599 750 3708 academicis
773 3598 932 3669 historia
956 3582 1054 3662 chri·
1143 3587 1154 3599 ”

618 3724 623 3733 ,
920 3711 921 3715 ’
969 3691 1055 3761 stia-

100 3803 183 3867 ,ι’
